4612 5790
829 1613 1379 1758 Praefatio.

414 2098 681 2198 Amplissimus
710 2100 1010 2198 Philosophorum
1042 2100 1141 2174 Ordo
1164 2126 1193 2172 a.
1221 2097 1323 2175 1856
1346 2103 1607 2198 postulaverat:

496 2238 531 2296 ln
553 2236 769 2316 Xenophontis
790 2237 953 2299 Helleuica
974 2254 1013 2298 eo
1034 2236 1174 2298 instituto
1195 2235 1380 2319 inquiratur,
1423 2245 1458 2298 ut
1479 2246 1512 2298 et
1535 2243 1682 2316 quantum
1703 2234 1785 2299 laci·

493 2361 547 2419 aut
569 2354 610 2417 ad
632 2353 790 2416 historiam
810 2354 942 2416 labentis
965 2352 1120 2416 Graeciae
1141 2352 1371 2436 illustrandam,
1395 2351 1521 2432 etquid
1545 2353 1576 2414 in
1594 2352 1633 2415 iis
1654 2349 1786 2415 deside-

494 2486 567 2554 res,
597 2486 699 2548 acqua
719 2471 809 2530 lance
829 2467 1033 2554 ponderetur,
1063 2469 1290 2548 luculentisque
1312 2469 1463 2548 exemplis
1485 2469 1721 2531 demonstretur.

279 2676 287 2693 .
394 2584 509 2656 =lluae
552 2611 662 2687 quum
699 2584 874 2658 exhibitae
916 2596 1035 2658 esseut
1073 2587 1404 2678 commentationes,
1458 2585 1528 2658 hoe
1568 2585 1651 2656 tulit
1685 2583 1782 2656 Ordo

479 2704 669 2815 judicium:

493 2850 623 2930 Utrique
651 2852 794 2931 scriptori
816 2871 855 2914 ea
882 2855 952 2915 laus
981 2855 1152 2915 communis
1182 2862 1252 2937 est,
1297 2852 1378 2934 quod
1400 2853 1439 2914 ab
1475 2850 1682 2914 immoderatis
1711 2850 1782 2931 opi·

489 2967 628 3030 nianibus
652 2969 712 3029 sibi
740 2979 911 3052 caverunt,
941 2988 1055 3051 magua
1070 2968 1288 3046 Xenophontis
1312 2968 1419 3026 merita
1440 2976 1473 3027 et
1496 2967 1527 3026 iu
1551 2967 1636 3027 libris
1654 2966 1780 3047 scriptis

489 3093 521 3144 et
539 3084 570 3143 iu
591 3056 686 3144 reb-us
706 3085 808 3162 gestis
830 3086 999 3159 conspicua
1023 3082 1110 3159 justa
1132 3081 1346 3141 aestimatione
1377 3090 1610 3158 pensaverunt,
1645 3096 1779 3162 errores,

491 3198 602 3275 quibus
623 3213 743 3256 summa
763 3195 834 3273 ejus
855 3196 1010 3256 sententia
1031 3195 1071 3255 dc
1093 3196 1186 3257 rebus
1208 3193 1400 3257 Graecorum
1420 3195 1558 3257 laborare
1579 3193 1722 3279 videtur,
1746 3205 1779 3257 et

488 3311 617 3390 partium
637 3309 794 3396 studium,
826 3330 929 3393 aque
952 3312 1193 3392 reprehensione
1215 3312 1337 3374 omniuo
1360 3313 1483 3375 exsolvi
1504 3313 1633 3398 nequit,
1665 3330 1726 3374 uon
1747 3312 1777 3373 in

487 3428 609 3488 nimiam
631 3428 872 3511 magnitudinem
892 3440 1061 3514 auxerunt,
1091 3430 1173 3510 quod
1195 3431 1329 3510 denique
1351 3448 1370 3491 a
1391 3429 1529 3511 diligenti
1549 3430 1682 3491 lectione
1704 3445 1775 3490 cum

406 3542 412 3555 '
486 3545 702 3624 Xenophontis
723 3547 951 3608 llellenieorum
960 3592 972 3632 ‚
1018 3554 1084 3608 tum
1105 3547 1298 3627 antiquorum
1319 3547 1548 3627 historicorum,
1571 3546 1621 3624 qui
1643 3562 1773 3624 compa-

487 3661 547 3722 rari
567 3661 737 3748 debebant,
768 3673 800 3725 et
824 3665 1037 3744 quaestionum
1060 3682 1078 3725 a
1102 3632 1324 3726 recentioribus
1345 3663 1544 3742 scriptoribus
1565 3661 1772 3723 institutarum

485 3776 741 3840 adscribendam
764 3784 1051 3842 commentationem
1070 3792 1295 3864 accesserunt,
1326 3790 1359 3843 et
1379 3781 1478 3861 ipsam
1496 3797 1562 3841 rem
1584 3779 1771 3858 propositam

486 3903 518 3956 et
539 3893 631 3957 docte
652 3905 684 3956 et
705 3898 872 3975 prudenter
893 3899 1191 3961 administraverunt.

571 4012 766 4093 Comparatis
793 4026 897 4078 autem
926 4017 1086 4096 utriusque
1117 4016 1380 4079 commentationis
1408 4012 1549 4076 laudibus
1573 4031 1630 4095 ea,
1678 4031 1769 4094 quam

484 4128 575 4207 priori
594 4130 662 4191 loco
683 4131 899 4219 indicavimus,
921 4132 1126 4212 praeferenda
1149 4134 1324 4218 videbatur,
1346 4131 1440 4218 quod,
1463 4134 1536 4194 licet
1554 4132 1632 4193 iutra
1652 4131 1768 4192 arctio·

484 4261 536 4305 res
568 4245 647 4308 lines
676 4267 713 4309 se
744 4250 920 4335 contiueat,
962 4253 993 4313 iu
1023 4253 1091 4332 ipsa
1119 4261 1222 4314 tamen
1252 4253 1435 4333 quaestione
1462 4249 1614 4312 solvenda
1637 4247 1766 4310 ulterius

482 4378 652 4444 progressa
673 4374 731 4426 est
797 4367 877 4431 Cum
899 4371 979 4430 enim
1000 4369 1093 4448 hujus
1115 4378 1222 4432 auctor
1250 4370 1343 4432 finem
1366 4367 1555 4451 quaestionis
1578 4365 1676 4427 oculis
1697 4362 1765 4425 suis

483 4478 566 4538 clare
588 4482 819 4560 proposuisset:
854 4505 957 4566 neque
978 4487 1008 4548 iu
1029 4488 1246 4567 Xenophontis
1267 4487 1392 4568 ingenio
1414 4479 1638 4564 describendo,
1662 4497 1764 4560 neque

481 4593 512 4656 iu
534 4594 660 4660 diverso
680 4601 812 4681 priorum
835 4601 960 4665 duorum
981 4608 1075 4684 atque
1098 4605 1281 4685 reliquorum
1301 4604 1441 4664 librorum
1459 4601 1561 4661 colore
1581 4593 1763 4678 explicando

481 4711 521 4772 ab
541 4724 722 4797 argumento
750 4719 910 4784 tractando
940 4722 1063 4805 lougius
1087 4738 1177 4801 quam
1197 4737 1331 4801 aequum
1353 4726 1419 4781 erat
1442 4716 1607 4800 discessit,
1650 4731 1761 4778 exem·
