4584 5796
1010 635 1256 713 ..16-

478 852 618 923 uoniam
634 846 887 946 Tyr-annorum
907 841 1146 918 Pheraeorum
1163 843 1295 915 mentio
1312 841 1385 915 liet.
1435 843 1530 917 Sane
1551 845 1696 944 quidem
1716 847 1817 921 tvl

449 880 489 1041 1,
508 946 571 1019 57.
590 946 709 1021 obiter
733 945 940 1038 Alexandri,
963 945 1203 1019 Pheraeorum
1228 946 1383 1043 tyranni,
1400 945 1542 1019 caedem
1568 948 1692 1039 rcl'ert,
1724 973 1819 1045 qnae

448 1043 668 1140 01.105,2.
691 1047 817 1120 accidit
838 1043 888 1145 ⁴).
938 1051 990 1120 At
1016 1072 1091 1121 non
1116 1047 1296 1141 reputavit
1320 1047 1366 1118 V.
1389 1048 1448 1139 1),
1474 1050 1523 1119 ita
1534 1060 1645 1121 semet
1658 1048 1727 1120 sibi
1749 1050 1820 1144 ipsi

449 1173 665 1243 repugnare.
723 1149 816 1220 n'am
847 1150 884 1221 in
915 1149 1037 1245 primis
1070 1145 1213 1220 dnobus
1237 1145 1337 1219 libris
1361 1147 1634 1246 Xenophontem
1661 1148 1820 1220 nondum

451 1248 594 1322 exulem
619 1249 720 1349 juste
746 1248 790 1322 de
814 1247 1092 1348 Atheniensibus
1113 1247 1298 1345 judicare,
1336 1248 1374 1319 in
1400 1249 1556 1347 quinque
1587 1247 1821 1347 sequentihus

452 1359 594 1440 antem,
629 1350 764 1447 quippe
796 1348 901 1420 exilio
935 1349 1077 1420 interim
1110 1346 1340 1440 mulctatum,
1384 1350 1526 1423 scelesti
1558 1375 1643 1442 erga
1673 1351 1824 1446 patriam

453 1449 561 1521 animi
595 1450 720 1522 odiosa
754 1447 964 1522 documenta
998 1444 1165 1521 enlihcre
1198 1445 1292 1519 dicit.
1352 1451 1466 1545 Atqui
1499 1452 1658 1548 quinque
1687 1448 1754 1521 hos
1781 1447 1823 1518 li·

453 1549 542 1622 bros
575 1561 662 1646 post
697 1547 755 1621 01.
788 1543 877 1623 106.
913 1548 1099 1640 conlectos
1133 1572 1212 1622 esse
1234 1546 1346 1640 ¹vult,
1388 1573 1464 1644 quo
1499 1552 1641 1647 quidem
1667 1562 1827 1646 tempore
1910 1628 1920 1637 ,

455 1648 736 1746 Xenophontem
768 1673 849 1722 cum
887 1650 1003 1746 patria
1029 1648 1105 1747 jam
1129 1647 1263 1719 dudum
1287 1649 1323 1719 in
1348 1650 1496 1742 gratiam
1521 1646 1667 1721 resilisse
1693 1652 1825 1720 sciorum

325 1762 331 1773 '
459 1750 524 1848 (cl.
550 1775 661 1848 supra
696 1746 732 1848 S.
756 1746 820 1847 1.).
884 1750 983 1844 Ergo
1017 1747 1117 1820 nulla
1150 1749 1348 1820 inimicitiae
1380 1750 1416 1818 in
1448 1747 1684 1822 Athenienses
1718 1771 1827 1820 cansa

459 1851 530 1947 ipsi
568 1850 806 1923 remansisset
865 1851 961 1922 Turn
992 1874 1079 1921 vero
1112 1848 1307 1920 Alexandri
1341 1848 1457 1921 caedis
1490 1850 1622 1921 mentio
1656 1847 1706 1919 nil
1732 1847 1828 1917 aliud

460 1951 611 2040 evincit,
645 1973 754 2045 qnam
779 1945 871 2019 banc
894 1950 1008 2043 ipsam
1033 1974 1108 2020 rem
1132 1959 1217 2042 post
1243 1949 1299 2022 01.
1319 1946 1405 2023 101
1431 1974 1452 2018 a
1479 1947 1718 2046 Xenophonte
1745 1973 1828 2018 con·

462 2052 637 2142 signatum
663 2072 761 2141 esse,
795 2072 861 2119 nec
888 2046 977 2121 nihil
1002 2046 1143 2138 obstat,
1171 2048 1361 2147 quominus
1389 2074 1466 2121 cam
1491 2050 1721 2144 postmodum
1742 2059 1827 2144 apto

388 2236 391 2241 ¹
461 2149 544 2222 huic
572 2152 652 2223 loco
680 2149 848 2219 insertam
875 2172 954 2221 esse
979 2158 1187 2220 statuamus.
1239 2146 1310 2219 Sed
1338 2147 1384 2219 cl'.
1408 2147 1499 2219 inti-a
1524 2146 1560 2243 §-
1585 2145 1621 2217 6.
1634 2143 1671 2217 9.
1702 2149 1829 2243 ltaque

463 2249 545 2323 hinc
570 2248 718 2348 probari
745 2249 888 2347 nequit,
914 2247 1058 2322 ultimos
1084 2250 1241 2346 quinque
1264 2245 1377 2319 libros
1405 2247 1638 2345 quadraginta
1666 2248 1741 2317 fere
1767 2270 1830 2315 an·

465 2374 535 2421 nos
561 2364 647 2447 post
673 2349 813 2446 priores
839 2349 931 2423 duos
959 2373 1039 2422 esse
1072 2349 1300 2446 compositos.
1350 2349 1512 2444 Denique
1537 2345 1699 2418 Niebuhr
1723 2345 1832 2416 hosce

467 2475 540 2521 non
574 2452 623 2522 ita
657 2450 770 2520 multo
805 2462 891 2544 post
924 2474 1005 2542 eas,
1057 2474 1149 2548 quas
1181 2449 1385 2522 contineant
1420 2473 1500 2540 res,
1540 2472 1561 2516 a
1593 2445 1833 2542 Xenophonte

468 2551 690 2645 compositos
730 2571 809 2618 esse
853 2549 1040 2618 existimat.
1098 2550 1272 2643 Ahoquin
1311 2551 1403 2619 enim
1445 2545 1724 2644 Xenophontem
1762 2571 1835 2616 non

467 2647 560 2717 bene
585 2648 700 2716 dicere
725 2643 907 2739 potuisse,
933 2642 1151 2741 Thrasybuli
1178 2646 1297 2716 socios
1324 2669 1404 2714 cum
1433 2657 1663 2743 tyrannorum
1691 2646 1836 2717 assechs

470 2748 670 2818 etiamnunc
699 2740 915 2840 reipublicae
949 2743 1200 2814 communitate
1233 2745 1311 2835 uti,
1345 2744 1494 2817 vixerint
1524 2748 1632 2838 igitur
1666 2759 1834 2840 oportere

471 2872 514 2917 eo
551 2845 664 2918 adhuc
697 2854 878 2941 tempore,
917 2868 990 2940 quo
1014 2840 1219 2940 Xenophon
1251 2841 1432 2919 scriberet
1484 2846 1534 2915 At
1561 2869 1627 2914 nos
1652 2870 1727 2915 non
1754 2870 1836 2936 gra·
1934 2851 1939 2859 '

472 2958 553 3020 vate
588 2948 630 3017 iis
665 2943 837 3039 largimur
871 2942 929 3015 vel
962 2945 1084 3036 viginti
1117 2956 1153 3016 et
1182 2942 1306 3040 plures
1333 2956 1419 3040 post
1444 2944 1668 3017 concordiam
1692 2947 1837 3017 restitn-

356 3130 361 3139 .
473 3061 546 3120 tam
582 3070 705 3118 annos.
772 3045 866 3116 Num
899 3055 1167 3135 argumentum,
1208 3069 1282 3142 quo
1322 3042 1472 3117 subinde
1504 3045 1627 3117 nititur
1662 3043 1837 3135 Niebuhr,

473 3144 561 3215 nihil
587 3144 705 3213 valere
730 3143 882 3231 videtur,
908 3142 1043 3213 scilicet
1069 3144 1192 3237 populi
1217 3147 1255 3215 in
1276 3142 1511 3240 jurejurando
1537 3146 1709 3218 servando
1731 3145 1840 3220 fidem

476 3241 710 3341 quadraginta
737 3262 912 3311 annornm
937 3240 1053 3333 spatio
1074 3242 1288 3335 interposito
1316 3266 1389 3312 non
1414 3245 1522 3315 tantis
1550 3243 1715 3317 laudibus
1730 3247 1844 3316 luisse

477 3342 729 3434 extollendam,
758 3342 890 3438 quippe
916 3337 1016 3437 quod
1041 3350 1127 3412 tunc
1156 3337 1236 3412 odia
1258 3338 1335 3438 jam
1359 3339 1420 3412 diu
1446 3345 1663 3416 evanuerint.
1707 3346 1842 3417 Verum

477 3446 656 3519 enimvero
682 3443 756 3515 irae
782 3455 818 3513 et
843 3439 1033 3513 simultatis
1058 3440 1301 3513 tenacissimos
1328 3440 1439 3514 fuisse
1467 3445 1645 3537 Graecos,
1686 3457 1727 3517 ut
1751 3444 1843 3519 obli·

478 3548 620 3619 vionem
645 3543 858 3640 promissam
881 3539 1042 3631 lacibus,
1069 3565 1174 3636 (Ῑιιιιιιι
1199 3541 1362 3640 injuriam
1387 3556 1566 3641 acceptam
1593 3546 1843 3619 oblivisceren-

478 3659 561 3740 tur,
587 3668 688 3716 nemo
714 3642 844 3713 nescit:
877 3638 979 3738 cujus
1005 3641 1056 3710 rei
1083 3641 1283 3737 exemplum
1307 3640 1438 3716 habeas
1464 3671 1497 3716 v.
1524 3671 1555 3718 c.
1583 3648 1676 3745 apud
1701 3648 1847 3746 Lysiam

481 3746 519 3815 in
553 3747 701 3836 Agorat.
738 3738 773 3913 ξ.
799 3736 883 3836 423
932 3740 1001 3812 alia
1038 3742 1158 3814 attulit
1192 3743 1333 3817 Sievcrs
1364 3745 1611 3821 Commentatt
1643 3747 1767 3822 histor.
1799 3747 1848 3821 de

482 3841 649 3941 Xenoph.
674 3840 770 3916 llel.
799 3839 891 3914 Pars
917 3836 952 3913 1.
993 3868 1028 3940 p.
1054 3839 1091 3915 1.
1143 3842 1187 3915 cl'.
1215 3843 1468 3918 Wachsmuth.
1494 3843 1530 3939 l,
1558 3844 1597 3939 2,
1622 3843 1708 3919 266.
1774 3848 1849 3921 lla·

482 3945 662 4018 rissimum
685 3942 793 4038 igitur
816 3941 907 4017 illud
932 3940 1133 4041 exemplum
1157 3944 1267 4016 videri
1291 3943 1446 4018 debebat
1465 3946 1713 4044 Xenophonti,
1736 3948 1850 4021 simile

486 4045 593 4145 quid,
620 4054 792 4145 mantum
819 4046 945 4137 sciam,
971 4056 1089 4119 exstat
1111 4056 1248 4119 tantum
1273 4045 1369 4145 apud
1395 4045 1639 4151 Thucydidem
1655 4045 1689 4149 ὅ)
1716 4049 1762 4124 de
1781 4047 1848 4123 Sa·

526 4431 561 4497 A)
595 4431 640 4483 Sic
657 4437 728 4483 certo
749 4430 842 4481 statuit
863 4429 969 4481 Clintou
989 4429 1061 4484 Fast-
1091 4429 1162 4483 nol.
1185 4433 1226 4483 ed.
1249 4431 1370 4505 lirnegrr
1391 4450 1418 4504 p.
1436 4432 1503 4487 toi.
1521 4431 1583 4487 1100
1602 4452 1641 4504 sq.
1686 4435 1739 4488 Alii
1761 4450 1852 4490 secan·

595 4501 659 4551 dum
675 4497 785 4551 Diodor.
804 4495 849 4559 10,
867 4495 912 4549 ll.
930 4505 1084 4566 acceperuut
1101 4498 1145 4551 01.
1163 4498 1229 4566 lot,
1246 4499 1275 4554 4.
1634 4542 1639 4551 .

528 4600 560 4667 s)
594 4600 676 4654 naue.
694 4596 721 4658 e,
740 4595 784 4648 rs.
