4584 5796
982 724 1234 825 ...ιγ’-

419 945 518 1037 nu‘is,
571 944 633 1018 uhi
659 949 784 1020 iisdem
816 948 894 1020 scre
921 961 1030 1047 atque
1058 953 1154 1047 apud
1181 910 1457 1051 Xenophontem
1487 956 1605 1030 rerhis
1636 962 1784 1055 legitur:

420 1045 490 1105 τοῖς
511 1040 542 1103 δ’
565 1041 682 1108 ἄλλοις
701 1044 745 1109 οὐ
765 1051 1061 1124 mammonas,
1105 1048 1410 1128 δημοκρατούμεκοι
1436 1053 1591 1116 rotano
1609 1059 1784 1124 &menoti-

419 1148 527 1196 revov.
579 1132 670 1201 Utnt
697 1142 779 1220 est,'
809 1135 1001 1203 sustentari
1026 1159 1098 1207 uon
1125 1160 1235 1228 posse
1263 1136 1445 1208 Niebuhrii
1470 1154 1693 1234 argumenta,
1729 1169 1784 1214 sa·

420 1223 465 1293 tis
492 1241 584 1327 puto
615 1231 828 1324 apparuerit.
904 1231 1013 1301 Nulla
1047 1233 1156 1323 igitur
1188 1258 1295 1304 causa
1321 1247 1395 1326 est,
1448 1260 1513 1308 eur
1542 1238 1682 1310 diversa
1715 1242 1786 1314 duo

292 1400 300 1432 ἢ
421 1346 532 1417 opera
555 1329 704 1398 diversis
739 1328 958 1424 temporibus
983 1334 1185 1426 conscripta
1219 1335 1450 1430 accipiamus,
1502 1339 1572 1409 imo
1598 1340 1715 1410 omnia
1746 1351 1787 1412 ut

314 1475 319 1483 .
420 1446 532 1496 unum
558 1428 761 1499 continuum
786 1452 878 1522 opus
904 1439 1101 1504 statuamus
1128 1428 1279 1506 suadent
1305 1432 1367 1530 (ei.
1392 1433 1552 1528 ludger,
1593 1436 1784 1534 hist-phi·

352 1614 355 1620 ·
420 1517 483 1593 iol.
509 1525 612 1598 stud.
645 1553 682 1621 p.
706 1522 821 1623 264..)

1053 1826 1157 1927 ge.

689 2024 692 2031 -
792 1992 832 2042 De
850 1997 982 2061 tempore,
1010 2009 1062 2060 qno
1082 1994 1220 2046 Helieuica
1240 1997 1339 2064 scripta
1357 1997 1416 2046 siut.
1455 2069 1460 2077 ι

520 2156 712 2231 Videamus
739 2185 851 2256 nune,
909 2186 1065 2259 quonum
1091 2168 1252 2258 tempore
1278 2169 1314 2228 ct
1341 2183 1412 2256 qua
1443 2160 1579 2234 ratione
1604 2161 1787 2234 Hellenica

419 2253 582 2328 coniectu
622 2260 702 2329 sint.
778 2262 873 2334 Ante
908 2285 1088 2334 secessum
1121 2259 1368 2334 Seilluntinum
1400 2259 1629 2356 Xenophonti
1671 2285 1787 2359 neque

422 2357 534 2426 otium
561 2379 676 2453 neque
701 2354 858 2431 subsidia
884 2371 984 2431 erant
1009 2360 1054 2430 ad
1077 2355 1211 2459 primos
1238 2358 1364 2429 saltem
1387 2357 1553 2432 historiae
1569 2363 1722 2432 Graecae
1746 2360 1786 2429 ii·

423 2451 513 2524 hros
548 2456 765 2527 scribendos.
841 2461 922 2530 Jarn
966 2483 1049 2529 vero
1091 2486 1200 2557 quum
1233 2459 1311 2551 ipsc
1336 2452 1376 2549 5,
1405 2457 1440 2549 1,
1469 2457 1504 2529 ἓ.
1532 2459 1577 2528 ud
1604 2457 1788 2529 Anahasin

423 2551 578 2626 lectores
604 2553 764 2647 ableget,
816 2583 891 2628 eam
917 2559 1018 2653 prius
1044 2560 1241 2629 consectam
1268 2579 1347 2626 esse
1374 2566 1491 2651 patet3
1547 2560 1645 2653 atqui
1671 2556 1785 2628 lirae·
1820 2643 1825 2654 Ι

422 2675 497 2742 ger.
515 2648 547 2748 1)
579 2656 670 2724 eirca
711 2659 790 2725 anni
814 2653 902 2727 572.
936 2648 1099 2751 tempora
1121 2654 1304 2726 Anahasin
1337 2656 1568 2760 compositam
1601 2680 1680 2726 esse
1713 2667 1785 2725 sta·

422 2752 509 2841 tuit,
525 2752 642 2848 xequod
669 2754 698 2823 si
724 2758 919 2852 acceperis,
944 2756 1127 2827 llellenica
1152 2753 1261 2849 paulo
1289 2764 1374 2846 post
1399 2753 1541 2823 condita
1568 2776 1666 2842 esse,
1704 2778 1787 2824 oon·

424 2861 630 2922 sentuosum
654 2853 759 2924 foret.
833 2856 972 2925 Etenim
998 2855 1187 2947 quominus
1214 2877 1334 2920 eorum
1360 2851 1616 2920 coniectionem
1639 2852 1788 2920 ulterius

426 2952 529 3021 etium
554 2951 800 3046 proferamus,
828 2951 865 3020 id
893 2960 988 3020 certe
1012 2952 1159 3046 impedit
1183 2947 1285 3019 locus
1312 2948 1417 3017 ilica
1445 2947 1638 3039 Niebuhrio
1666 2948 1788 3018 lauda-

428 3059 505 3119 tus:
556 3055 617 3116 καὶ
646 3055 694 3116 ἔτι
717 3058 782 3117 νῦν
800 3052 1029 3118 πολιτεύονται
1048 3077 1078 3116 n.
1103 3073 1131 3116 τ.
1155 3056 1185 3116 λ,
1222 3047 1280 3143 οἳ.ἱ
1301 3070 1408 3139 supra
1440 3045 1475 3143 5.
1503 3045 1539 3117 5.
1614 3050 1789 3142 inceperit

430 3149 537 3238 igitur
579 3145 735 3218 scrihere
773 3145 974 3240 Xenophon
1015 3146 1108 3216 eirca
1150 3168 1281 3214 annum
1314 3140 1403 3216 570.
1441 3146 1517 3241 jam
1557 3159 1788 3242 septuagena-

427 3248 501 3315 rius
520 3242 576 3341 ⁹);
626 3269 719 3315 anno
755 3255 873 3316 autem
904 3240 1075 3315 569.v01
1104 3254 1275 3340 sequente
1307 3242 1499 3314 seeundum
1525 3245 1787 3317 Hellenioornm

426 3343 557 3422 librum
581 3343 786 3416 absolverit.
834 3346 939 3414 Tunc
963 3342 1105 3440 quidem
1120 3340 1353 3414 Athenienses
1379 3342 1505 3413 foedus
1529 3343 1684 3415 fecerant
1710 3370 1789 3415 cunr

405 3443 711 3530 ‘Lacedaemoniis
737 3456 773 3516 et
798 3443 1069 3539 Xenophontem
1095 3443 1217 3535 exilio*
1227 3440 1471 3514 liberaverant.
1523 3444 1589 3512 Cui
1610 3444 1689 3513 inde
1715 3471 1787 3514 ma-

425 3544 486 3640 jor
509 3545 613 3616 etiam
639 3568 745 3615 causa
771 3545 937 3634 accessit,
967 3569 1030 3615 cur
1053 3541 1279 3638 popularium
1304 3544 1340 3612 in
1360 3541 1591 3641 jurejurando
1618 3544 1788 3615 servando

428 3643 554 3736 tidem,
604 3642 822 3742 Thrasybuli
845 3645 1002 3715 facinora
1029 3643 1074 3713 al.
1098 3642 1337 3738 praedicaret,
1387 3640 1565 3713 Thehanis
1591 3653 1707 3720 autem
1732 3645 1788 3716 vel

429 3741 600 3815 insensior
624 3742 807 3834 evaderet,
852 3745 985 3841 quippe
1012 3753 1084 3812 tam
1110 3741 1482 3833 Lacedaemoniorum,
1524 3767 1630 3840 quam
1653 3746 1789 3840 patriae

333 3876 335 3880 ³
379 3869 381 3873 ·
430 3842 595 3923 hostilius
617 3844 807 3915 acerrimis.
856 3844 904 3915 Et
930 3844 1108 3941 putaveris
1137 3842 1233 3930 scre,
1264 3840 1377 3932 mala,
1403 3840 1532 3938 quihus
1557 3841 1788 3916 Athenienses

432 3943 760 4017 aLacedacmoniis
798 3941 915 4014 affecti
946 3953 1085 4033 essent,
1131 3940 1292 4013 omisisse
1316 3939 1588 4035 Xenophontem
1610 3939 1671 4040 (oi.
1696 3944 1789 4015 inira

433 4042 469 4142 §-
496 4041 548 4114 15
570 4048 694 4141 sqq.)‚
734 4066 779 4113 ue
803 4044 1111 4114 reconciliatorum
1138 4041 1320 4111 amicitiam
1344 4038 1524 4135 turbaret,
1568 4047 1788 4140 praeteriisse

433 4145 555 4237 etiam,
605 4168 651 4216 nc
675 4140 908 4215 Athenienses
934 4143 1109 4233 laederet,
1158 4140 1314 4212 Socratis
1341 4153 1509 4236 mortem,
1563 4169 1669 4240 qnam
1695 4155 1789 4217 certe

432 4247 559 4317 mirum
585 4255 641 4315 est
670 4268 716 4316 ne
739 4240 851 4316 verbo
877 4242 1019 4341 quidem
1043 4242 1156 4336 tangi3
1203 4265 1283 4314 nam
1308 4241 1407 4342 quod
1431 4246 1545 4340 primo
1571 4244 1662 4315 hhro
1687 4267 1786 4313 accu-

472 4526 499 4592 Ι)
533 4526 572 4577 Dc
592 4525 726 4578 authentis
747 4532 773 4577 et
789 4525 933 4596 integritat.
950 4525 1061 4577 Anthus.
1078 4544 1105 4597 p.
1124 4524 1154 4577 4.

471 4627 504 4694 a)
538 4627 617 4679 Diod.
632 4625 678 4687 rs,
695 4623 742 4678 76.
761 4624 812 4683 'aar
854 4623 921 4679 ovo
937 4619 989 4689 τὰς
1005 4625 1127 4703 ἱστορίας
1141 4627 1368 4703 συγγραψάμενος
1378 4621 1570 4697 ἐσχατογήρως
1586 4615 1637 4676 dr·
1658 4622 1790 4692 μέμνηται

537 4688 591 4769 γὰρ
608 4696 656 4759 τῆς
673 4688 813 4762 'mapa'
847 4709 883 4749 ου
898 4690 1029 4765 ”Amilo
1258 4773 1259 4776 Ἴ
1796 4730 1801 4745 .

1362 4793 1390 4866 5
