4612 5790
486 3090 491 3103 ,
599 3022 732 3091 lectum
767 3042 846 3089 esse
863 3014 914 3113 ἱ),
947 3016 1060 3108 tangit
1091 3012 1160 3086 hoe
1190 3014 1331 3088 demum
1360 3012 1415 3113 (d,
1438 3014 1480 3110 ’5,
1511 3015 1608 3115 lh),
1634 3014 1700 3088 uhi
1723 3015 1865 3087 Pharna

1154 608 1413 685 ..40-

597 821 736 895 nonnisi
770 810 965 898 adsiccato)
994 813 1055 903 aot
1081 814 1261 897 βέλτιστοι)
1291 816 1379 884 mira
1411 811 1631 911 simplicitate
1672 815 1814 890 causam
1848 817 1964 890 caedis

596 927 731 992 narrat:
780 910 1007 1009 conspirasse
1032 933 1112 1000 eos,
1145 913 1312 1010 quoniam
1332 938 1444 1007 agros
1470 940 1556 987 suos
1581 919 1734 1011 vastari,
1761 919 1967 1016 multosque

595 1019 689 1107 circs
723 1016 839 1113 perire
875 1012 1026 1084 viderint
1040 1008 1096 1108 ⁷),
1146 1013 1219 1086 acsi
1254 1012 1290 1085 id
1319 1015 1434 1086 minas
1467 1028 1584 1110 esset,
1635 1016 1726 1091 nrhc
1751 1020 1894 1112 Argivis
1922 1019 1967 1090 al.

595 1133 718 1216 erepta
747 1128 783 1188 et
805 1112 1092 1188 Lacedaemoniis
1117 1114 1274 1207 ‘tradita3
1325 1112 1394 1188 hoc
1427 1117 1517 1187 eninr
1550 1142 1674 1190 revera
1704 1120 1817 1191 moliti
1847 1132 1968 1209 erant3

595 1220 727 1292 ideirco
749 1229 878 1317 postca
902 1217 1082 1288 Praxltam
1112 1227 1294 1287 vocarunt.
1371 1219 1486 1306 Quam
1518 1219 1668 1290 maxime
1693 1219 1967 1316 Xenophontem

596 1316 642 1393 ab
669 1318 928 1414 ohgarchorum
963 1311 1125 1413 partibus
1160 1318 1322 1410 stetisse,
1374 1343 1394 1389 e
1428 1329 1505 1389 tota
1540 1322 1742 1392 narratione
1762 1331 1891 1416 patet.
1916 1359 1968 1375 -

595 1419 732 1495 Exinde
779 1418 866 1489 satis
909 1416 1096 1508 diligenter
1133 1417 1290 1510 Agesilai
1330 1418 1571 1515 expeditiones
1613 1420 1803 1517 perscribit
1846 1418 1908 1516 (d,
1943 1415 1969 1488 5

596 1517 708 1619 squ),
735 1543 800 1589 nec
826 1541 899 1586 non
919 1538 1039 1585 morae
1054 1512 1251 1609 Spartanae
1277 1520 1469 1610 interitum,
1496 1519 1591 1592 huuc
1618 1521 1761 1619 quidem
1785 1533 1858 1591 tam
1883 1543 1968 1617 pro·

594 1619 688 1713 lixe,
738 1628 781 1692 ut
806 1627 978 1715 quantum
1007 1615 1165 1708 integrae
1189 1618 1547 1691 Lacedaemoniorum
1575 1620 1710 1713 gloriae
1734 1631 1968 1716 prospectum

596 1746 676 1795 essc
702 1719 873 1812 voluerit,
901 1714 1003 1788 facile
1029 1714 1170 1813 videas3
1195 1712 1365 1811 ‘magnam
1390 1721 1481 1792 enim
1506 1721 1749 1793 Coronensem
1776 1718 1967 1791 Thebano·

596 1849 677 1893 rum
702 1832 738 1890 et
764 1816 980 1891 Corinthiam
1006 1815 1187 1906 sociorum
1213 1818 1350 1891 cladem
1387 1820 1501 1893 multo
1538 1818 1681 1893 brevius
1708 1820 1846 1911 retulit,
1895 1818 1967 1890 acsi

596 1919 667 1991 tale
694 1917 781 2015 quid
810 1943 875 2016 per
900 1944 939 1989 se
966 1916 1131 2013 liqueret.

1236 2172 1241 2179 η

1222 2185 1257 2285 g.
1286 2183 1343 2258 17.

1170 2350 1400 2406 Continentia.

700 2523 824 2610 Nunc,
851 2520 948 2615 quod
974 2519 1159 2617 hucusque
1185 2523 1372 2614 omiserat,
1400 2548 1443 2595 ex
1469 2524 1545 2595 onit
1570 2521 1773 2620 Xenophon
1800 2546 1858 2592 res
1884 2521 1972 2590 mari

597 2625 732 2688 interca
756 2621 965 2712 praesertim
991 2643 1011 2684 a
1031 2620 1178 2688 Conone
1206 2631 1326 2710 gestas
1356 2619 1410 2714 (d,
1429 2550 1494 2692 Sp.
1547 2626 1662 2711 Quem
1687 2648 1798 2721 quum
1820 2620 1865 2691 ad
1880 2621 1971 2690 Eva-

521 2714 524 2723 ’
598 2743 722 2812 goram
752 2716 788 2786 in
814 2715 974 2813 Cpprum
1014 2725 1101 2810 post
1141 2740 1298 2810 pugnam
1342 2717 1386 2786 ad
1417 2721 1706 2815 Aegospotamos
1748 2721 1972 2793 commissam

598 2816 800 2917 proiectum
828 2840 906 2893 essse
931 2822 1112 2884 narrasset
1139 2809 1192 2909 (⁰2,
1220 2811 1256 2907 l,
1283 2809 1379 2911 aa),
1429 2819 1668 2913 perlongum
1697 2831 1838 2914 tempus
1864 2818 1971 2889 silen-

598 2921 649 2994 tio
675 2917 941 3015 praetermittit,
968 2939 1042 2986 non
1068 2937 1266 2989 memorans
1294 2940 1373 2986 euru
1399 2915 1505 2989 classi
1526 2920 1690 2990 Persicae
1715 2941 1734 2986 a
1760 2942 1843 3009 rege
1866 2941 1973 3087 prae·

1892 3040 1969 3106 azo,

553 3172 561 3182 ,
598 3118 867 3190 Phoeniciarum
894 3116 1034 3183 navium
1058 3112 1157 3204 duci,
1198 3117 1402 3209 Cononem,
1448 3122 1487 3186 τὸ
1507 3123 1706 3204 *Ελληνυιὸν
1728 3120 1868 3200 ἔχοντα,
1905 3141 1970 3210 op·

598 3219 702 3317 ponit
728 3210 803 3313 (01.
827 3208 892 3306 96,
918 3207 955 3282 5.
980 3207 1085 3307 594.)
1113 3223 1149 3283 et
1175 3212 1340 3283 disertius
1368 3216 1577 3308 pronuntiat
1601 3213 1641 3306 4,
1667 3209 1724 3304 8.,
1775 3212 1837 3285 sed
1864 3216 1971 3303 ratio·

599 3345 679 3393 nem
710 3328 847 3409 tamen,
900 3336 991 3413 quac
1025 3312 1058 3383 ei
1092 3336 1171 3383 cum
1201 3337 1285 3406 rege
1310 3312 1502 3384 Persarum
1534 3325 1647 3404 esset,
1700 3337 1773 3384 uon
1806 3313 1972 3385 declarat.

599 3423 725 3517 Neque
751 3417 855 3488 etiam
880 3414 1038 3486 nominat
1062 3411 1198 3484 insulas
1225 3425 1261 3485 et
1288 3410 1416 3507 urhes,
1460 3436 1550 3511 quas
1576 3436 1598 3482 a
1622 3414 1771 3484 Conone
1797 3422 1833 3483 et
1857 3413 1971 3485 Phar·

601 3519 736 3592 nahazo
761 3514 1121 3588 Lacedaemoniorum
1145 3515 1293 3609 imperio
1319 3527 1461 3612 ereptas
1489 3538 1569 3586 esse
1594 3511 1678 3584 dicit
1706 3508 1886 3609 (othlon.
1904 3510 1969 3604 ld,

599 3618 690 3717 Ch).
742 3619 907 3689 Ceterum
931 3637 1008 3704 res,
1041 3615 1072 3683 si
1100 3638 1213 3710 pauca
1240 3617 1422 3789 exceperis
1440 3613 1496 3712 2),
1523 3640 1595 3686 non
1621 3611 1845 3706 indiligenter
1869 3622 1992 3685 enar·'

1337 3768 1348 3808 i

599 3732 666 3792 rat.
745 3719 836 3788 Nam
869 3712 967 3810 qnod
997 3712 1190 3787 Schneider
1222 3710 1284 3810 (ad
1376 3713 1415 3807 8,
1444 3713 1522 3804 24.)
1554 3712 1641 3785 nihil
1674 3737 1696 3783 a
1729 3711 1971 3808 Xenophonte

600 3841 746 3921 quoque
771 3814 959 3888 memorari
989 3812 1075 3888 dicit
1107 3814 1313 3889 ntetorrimo
1339 3814 1558 3914 Thrasybuli
1593 3823 1673 3886 ante
1707 3823 1858 3884 mortem
1884 3838 1969 3885 con·

605 4004 716 4020 ‘n-

633 4083 667 4151 a)
700 4082 831 4203 &off
849 4082 956 4154 quidem
971 4081 1091 4154 plorimi,
1108 4083 1179 4151 qnod
1196 4099 1210 4134 e
1227 4083 1266 4135 rei
1283 4089 1376 4134 natm
1395 4088 1422 4135 et
1439 4098 1469 4134 cs
1485 4088 1608 4151 uqocote
1625 4080 1805 4148 Xenophontis
1820 4081 1970 4131 narratione

702 4170 736 4221 pr

529 4252 542 4277 ·
633 4254 666 4320 a)
689 4240 741 4304 'cc
755 4251 891 4327 wana.
908 4251 996 4319 naq.
1017 4250 1087 4301 not.
1104 4249 1130 4310 r,
1150 4249 1177 4311 s,
1194 4248 1261 4303 aaa.

635 4355 665 4421 a>
698 4352 777 4406 nasa
795 4349 842 4412 rs,
859 4349 906 4402 so.
934 4349 979 4402 oi.
996 4348 1046 4410 so,
1064 4348 1093 4401 s.
1110 4348 1178 4402 soa.
1194 4352 1242 4403 aa
1262 4352 1297 4402 a.
1318 4348 1441 4404 asnaa.
1461 4351 1496 4401 aa
1513 4348 1583 4400 nea.
1600 4347 1631 4415 4,
1650 4346 1680 4409 a,
1695 4322 1739 4398 ir.
1767 4348 1804 4400 a.
1820 4347 1899 4401 stoa.
1917 4345 1965 4413 ss,

702 4420 748 4474 ⁷9.
768 4416 811 4469 81.
837 4418 971 4470 Waclum.
988 4418 1047 4468 Aac
1064 4418 1134 4468 lloll.
1152 4417 1177 4480 l,
1194 4416 1221 4479 2
1237 4416 1301 4470 233.
2036 4412 2041 4429 '

636 4521 670 4587 2)
704 4520 735 4572 V·
752 4537 773 4572 e.
792 4534 859 4588 quac
876 4516 1019 4568 teubodo
1037 4517 1119 4569 hahet
1139 4519 1185 4581 (cf.
1206 4518 1349 4571 Schneider
1365 4519 1400 4569 od
1418 4514 1448 4578 4,
1465 4513 1492 4584 8,
1513 4514 1591 4584 Ἑλ),
1609 4515 1644 4569 ue
1663 4515 1736 4569 hello
1754 4516 1892 4585 Euagorae
1909 4528 1968 4567 cos·

705 4593 747 4640 tro
768 4602 856 4658 regom
874 4587 922 4648 (el.
939 4585 975 4636 ia
994 4584 1029 4636 od
1050 4589 1076 4653 s.
1092 4583 1132 4636 id
1149 4588 1211 4655 sp).
1468 4588 1471 4593 ’
2008 4588 2012 4601 “
