<?xml version="1.0" encoding="UTF-8"?>
<!DOCTYPE html PUBLIC "-//W3C//DTD XHTML 1.0 Transitional//EN"
    "http://www.w3.org/TR/xhtml1/DTD/xhtml1-transitional.dtd">
<html xmlns="http://www.w3.org/1999/xhtml" xml:lang="en" lang="en">
 <head>
  <title>
</title>
<meta http-equiv="Content-Type" content="text/html;charset=utf-8" />
  <meta name='ocr-system' content='tesseract 3.04.00' />
  <meta name='ocr-capabilities' content='ocr_page ocr_carea ocr_par ocr_line ocrx_word'/>
</head>
<body>
  <div class='ocr_page' id='page_1' title='image "./dexenophontishe00volcgoog_0030.png"; bbox 0 0 4612 5790; ppageno 0'>
   <div class='ocr_carea' id='block_1_1' title="bbox 992 407 1244 481">
    <p class='ocr_par' dir='ltr' id='par_1_1' title="bbox 992 407 1244 481">
     <span class='ocr_line' id='line_1_1' title="bbox 992 407 1244 481; baseline 0.016 -17"><span class='ocrx_word' id='word_1_1' title='bbox 992 407 1244 481; x_wconf 75' lang='lat'><strong>...19-</strong></span> 
     </span>
    </p>
   </div>
   <div class='ocr_carea' id='block_1_2' title="bbox 435 608 1796 1208">
    <p class='ocr_par' dir='ltr' id='par_1_2' title="bbox 435 608 1796 1208">
     <span class='ocr_line' id='line_1_2' title="bbox 441 608 1794 716; baseline -0.001 -33"><span class='ocrx_word' id='word_1_2' title='bbox 441 611 513 703; x_wconf 91' lang='lat' dir='ltr'><strong>·l.),</strong></span> <span class='ocrx_word' id='word_1_3' title='bbox 552 611 588 682; x_wconf 89' lang='lat' dir='ltr'><strong>id</strong></span> <span class='ocrx_word' id='word_1_4' title='bbox 615 611 712 711; x_wconf 87' lang='lat' dir='ltr'><strong>quod</strong></span> <span class='ocrx_word' id='word_1_5' title='bbox 739 610 855 681; x_wconf 72' lang='lat' dir='ltr'><strong>stvida</strong></span> <span class='ocrx_word' id='word_1_6' title='bbox 879 621 914 681; x_wconf 88' lang='lat' dir='ltr'><strong>et</strong></span> <span class='ocrx_word' id='word_1_7' title='bbox 939 608 1170 685; x_wconf 85' lang='lat' dir='ltr'><strong>minutissima</strong></span> <span class='ocrx_word' id='word_1_8' title='bbox 1196 632 1301 706; x_wconf 87' lang='lat' dir='ltr'><strong>saepe</strong></span> <span class='ocrx_word' id='word_1_9' title='bbox 1325 609 1482 683; x_wconf 76' lang='lat' dir='ltr'><strong>reterens</strong></span> <span class='ocrx_word' id='word_1_10' title='bbox 1507 618 1662 689; x_wconf 86' lang='lat' dir='ltr'><strong>narratio</strong></span> <span class='ocrx_word' id='word_1_11' title='bbox 1686 642 1794 716; x_wconf 73' lang='lat' dir='ltr'><strong>spon.</strong></span> 
     </span>
     <span class='ocr_line' id='line_1_3' title="bbox 438 703 1794 817; baseline 0.007 -36"><span class='ocrx_word' id='word_1_12' title='bbox 438 712 522 784; x_wconf 86' lang='lat' dir='ltr'><strong>dere</strong></span> <span class='ocrx_word' id='word_1_13' title='bbox 546 711 688 784; x_wconf 80' lang='lat' dir='ltr'><strong>videtur</strong></span> <span class='ocrx_word' id='word_1_14' title='bbox 716 708 776 804; x_wconf 79' lang='lat' dir='ltr'><strong>(cf.</strong></span> <span class='ocrx_word' id='word_1_15' title='bbox 800 709 893 779; x_wconf 80' lang='lat' dir='ltr'><strong>inira</strong></span> <span class='ocrx_word' id='word_1_16' title='bbox 918 706 953 805; x_wconf 72' lang='lat' dir='ltr'><strong>S</strong></span> <span class='ocrx_word' id='word_1_17' title='bbox 983 703 1070 802; x_wconf 79' lang='grc'><strong>16.)</strong></span> <span class='ocrx_word' id='word_1_18' title='bbox 1136 709 1208 782; x_wconf 89' lang='lat' dir='ltr'><strong>Sed</strong></span> <span class='ocrx_word' id='word_1_19' title='bbox 1236 708 1349 782; x_wconf 82' lang='lat' dir='ltr'><strong>omnia</strong></span> <span class='ocrx_word' id='word_1_20' title='bbox 1373 721 1511 802; x_wconf 65' lang='lat' dir='ltr'><strong>umen,</strong></span> <span class='ocrx_word' id='word_1_21' title='bbox 1566 715 1676 786; x_wconf 86' lang='lat' dir='ltr'><strong>veluti</strong></span> <span class='ocrx_word' id='word_1_22' title='bbox 1702 744 1794 817; x_wconf 86' lang='lat' dir='ltr'><strong>quae</strong></span> 
     </span>
     <span class='ocr_line' id='line_1_4' title="bbox 435 807 1793 991; baseline 0.008 -12"><span class='ocrx_word' id='word_1_23' title='bbox 435 812 522 979; x_wconf 64' lang='lat'><strong>{¹⁸¹⁴</strong></span> <span class='ocrx_word' id='word_1_24' title='bbox 547 807 1137 984; x_wconf 63' lang='lat' dir='ltr'><strong>t“5l³.⁰ttt.{⁹t⁰..t¹ltt.ttt</strong></span> <span class='ocrx_word' id='word_1_25' title='bbox 1161 809 1793 991; x_wconf 67' lang='lat' dir='ltr'><strong>ttt&#39;t..⁰⁰.tt¹t.⁵t¹tthit</strong></span> 
     </span>
     <span class='ocr_line' id='line_1_5' title="bbox 438 934 1796 1109; baseline 0.007 -29"><span class='ocrx_word' id='word_1_26' title='bbox 438 934 575 1083; x_wconf 55' lang='lat' dir='ltr'><strong>miseriis</strong></span> <span class='ocrx_word' id='word_1_27' title='bbox 601 1034 796 1109; x_wconf 87' lang='lat' dir='ltr'><strong>eorumque</strong></span> <span class='ocrx_word' id='word_1_28' title='bbox 828 1009 958 1083; x_wconf 85' lang='lat' dir='ltr'><strong>amieos</strong></span> <span class='ocrx_word' id='word_1_29' title='bbox 989 1006 1102 1080; x_wconf 80' lang='lat' dir='ltr'><strong>fuisse</strong></span> <span class='ocrx_word' id='word_1_30' title='bbox 1125 934 1507 1101; x_wconf 59' lang='lat' dir='ltr'><strong>’consentaneumpasu</strong></span> <span class='ocrx_word' id='word_1_31' title='bbox 1523 937 1547 1007; x_wconf 65' lang='lat' dir='ltr'>p</span> <span class='ocrx_word' id='word_1_32' title='bbox 1561 1016 1721 1109; x_wconf 86' lang='lat' dir='ltr'><strong>quamvis</strong></span> <span class='ocrx_word' id='word_1_33' title='bbox 1749 959 1796 1090; x_wconf 81' lang='lat' dir='ltr'><strong>ah</strong></span> 
     </span>
     <span class='ocr_line' id='line_1_6' title="bbox 438 1107 1796 1208; baseline 0.009 -30"><span class='ocrx_word' id='word_1_34' title='bbox 438 1108 515 1182; x_wconf 89' lang='lat' dir='ltr'><strong>aliis</strong></span> <span class='ocrx_word' id='word_1_35' title='bbox 550 1136 696 1208; x_wconf 86' lang='lat' dir='ltr'><strong>quoque</strong></span> <span class='ocrx_word' id='word_1_36' title='bbox 722 1108 894 1207; x_wconf 86' lang='lat' dir='ltr'><strong>quaedam</strong></span> <span class='ocrx_word' id='word_1_37' title='bbox 926 1110 1120 1203; x_wconf 85' lang='lat' dir='ltr'><strong>comperire</strong></span> <span class='ocrx_word' id='word_1_38' title='bbox 1152 1111 1314 1204; x_wconf 89' lang='lat' dir='ltr'><strong>potuisse</strong></span> <span class='ocrx_word' id='word_1_39' title='bbox 1338 1107 1612 1204; x_wconf 82' lang='lat' dir='ltr'><strong>Xenophontem</strong></span> <span class='ocrx_word' id='word_1_40' title='bbox 1636 1137 1708 1187; x_wconf 86' lang='lat' dir='ltr'><strong>non</strong></span> <span class='ocrx_word' id='word_1_41' title='bbox 1734 1141 1796 1191; x_wconf 86' lang='lat' dir='ltr'><strong>ne·</strong></span> 
     </span>
    </p>
   </div>
   <div class='ocr_carea' id='block_1_3' title="bbox 437 1204 1913 1311">
    <p class='ocr_par' dir='ltr' id='par_1_3' title="bbox 437 1204 1913 1311">
     <span class='ocr_line' id='line_1_7' title="bbox 437 1204 1913 1311; baseline 0.004 -32"><span class='ocrx_word' id='word_1_42' title='bbox 437 1211 602 1301; x_wconf 78' lang='lat' dir='ltr'><strong>gaverim.</strong></span> <span class='ocrx_word' id='word_1_43' title='bbox 670 1210 739 1283; x_wconf 85' lang='lat' dir='ltr'><strong>Vel</strong></span> <span class='ocrx_word' id='word_1_44' title='bbox 759 1211 812 1279; x_wconf 86' lang='lat' dir='ltr'><strong>sie</strong></span> <span class='ocrx_word' id='word_1_45' title='bbox 836 1204 1022 1303; x_wconf 79' lang='lat' dir='ltr'>probabile</span> <span class='ocrx_word' id='word_1_46' title='bbox 1043 1219 1118 1299; x_wconf 87' lang='lat' dir='ltr'><strong>eat,</strong></span> <span class='ocrx_word' id='word_1_47' title='bbox 1160 1209 1291 1300; x_wconf 90' lang='lat' dir='ltr'><strong>multa,</strong></span> <span class='ocrx_word' id='word_1_48' title='bbox 1331 1208 1400 1279; x_wconf 89' lang='lat' dir='ltr'><strong>imo</strong></span> <span class='ocrx_word' id='word_1_49' title='bbox 1424 1211 1541 1280; x_wconf 90' lang='lat' dir='ltr'><strong>omnia</strong></span> <span class='ocrx_word' id='word_1_50' title='bbox 1566 1210 1660 1304; x_wconf 85' lang='lat' dir='ltr'><strong>sere,</strong></span> <span class='ocrx_word' id='word_1_51' title='bbox 1704 1237 1797 1311; x_wconf 85' lang='lat' dir='ltr'><strong>quae</strong></span> <span class='ocrx_word' id='word_1_52' title='bbox 1909 1261 1913 1269; x_wconf 86' lang='lat'><em>·</em></span> 
     </span>
    </p>
   </div>
   <div class='ocr_carea' id='block_1_4' title="bbox 430 1306 1798 1901">
    <p class='ocr_par' dir='ltr' id='par_1_4' title="bbox 430 1306 1798 1901">
     <span class='ocr_line' id='line_1_8' title="bbox 436 1306 1797 1404; baseline 0.009 -28"><span class='ocrx_word' id='word_1_53' title='bbox 436 1308 504 1403; x_wconf 88' lang='lat' dir='ltr'><strong>ipsi</strong></span> <span class='ocrx_word' id='word_1_54' title='bbox 530 1308 767 1399; x_wconf 72' lang='lat' dir='ltr'><strong>referrentur,</strong></span> <span class='ocrx_word' id='word_1_55' title='bbox 816 1307 891 1403; x_wconf 88' lang='lat' dir='ltr'><strong>jam</strong></span> <span class='ocrx_word' id='word_1_56' title='bbox 925 1331 991 1403; x_wconf 86' lang='lat' dir='ltr'><strong>per</strong></span> <span class='ocrx_word' id='word_1_57' title='bbox 1018 1332 1058 1378; x_wconf 92' lang='lat' dir='ltr'><strong>se</strong></span> <span class='ocrx_word' id='word_1_58' title='bbox 1084 1306 1262 1404; x_wconf 87' lang='lat' dir='ltr'><strong>Spartano</strong></span> <span class='ocrx_word' id='word_1_59' title='bbox 1289 1307 1412 1380; x_wconf 83' lang='lat' dir='ltr'><strong>colore</strong></span> <span class='ocrx_word' id='word_1_60' title='bbox 1436 1310 1546 1380; x_wconf 88' lang='lat' dir='ltr'><strong>tincta</strong></span> <span class='ocrx_word' id='word_1_61' title='bbox 1570 1310 1701 1404; x_wconf 80' lang='lat' dir='ltr'><strong>fuisse,</strong></span> <span class='ocrx_word' id='word_1_62' title='bbox 1755 1327 1797 1388; x_wconf 89' lang='lat' dir='ltr'><strong>nt</strong></span> 
     </span>
     <span class='ocr_line' id='line_1_9' title="bbox 433 1405 1794 1510; baseline 0.007 -34"><span class='ocrx_word' id='word_1_63' title='bbox 433 1432 540 1504; x_wconf 81' lang='lat' dir='ltr'><strong>saepe</strong></span> <span class='ocrx_word' id='word_1_64' title='bbox 564 1433 635 1483; x_wconf 93' lang='lat' dir='ltr'><strong>non</strong></span> <span class='ocrx_word' id='word_1_65' title='bbox 661 1405 880 1504; x_wconf 85' lang='lat' dir='ltr'><strong>Xenophon,</strong></span> <span class='ocrx_word' id='word_1_66' title='bbox 919 1406 982 1479; x_wconf 90' lang='lat' dir='ltr'><strong>sed</strong></span> <span class='ocrx_word' id='word_1_67' title='bbox 1006 1407 1076 1504; x_wconf 88' lang='lat' dir='ltr'><strong>ipsi</strong></span> <span class='ocrx_word' id='word_1_68' title='bbox 1099 1406 1385 1500; x_wconf 82' lang='lat' dir='ltr'><strong>Lacedaemonii,</strong></span> <span class='ocrx_word' id='word_1_69' title='bbox 1428 1422 1681 1504; x_wconf 74' lang='lat' dir='ltr'><strong>exaggerantes</strong></span> <span class='ocrx_word' id='word_1_70' title='bbox 1709 1438 1794 1510; x_wconf 92' lang='lat' dir='ltr'><strong>pro·</strong></span> 
     </span>
     <span class='ocr_line' id='line_1_10' title="bbox 435 1507 1796 1602; baseline 0.009 -25"><span class='ocrx_word' id='word_1_71' title='bbox 435 1530 559 1602; x_wconf 88' lang='lat' dir='ltr'><strong>spara,</strong></span> <span class='ocrx_word' id='word_1_72' title='bbox 611 1509 748 1600; x_wconf 74' lang='lat' dir='ltr'><strong>ingrata</strong></span> <span class='ocrx_word' id='word_1_73' title='bbox 784 1517 940 1579; x_wconf 78' lang='lat' dir='ltr'><strong>tacentes</strong></span> <span class='ocrx_word' id='word_1_74' title='bbox 964 1507 1022 1580; x_wconf 82' lang='lat' dir='ltr'><strong>vel</strong></span> <span class='ocrx_word' id='word_1_75' title='bbox 1053 1507 1272 1599; x_wconf 87' lang='lat' dir='ltr'><strong>minuentes,</strong></span> <span class='ocrx_word' id='word_1_76' title='bbox 1323 1516 1486 1583; x_wconf 88' lang='lat' dir='ltr'><strong>auctores</strong></span> <span class='ocrx_word' id='word_1_77' title='bbox 1519 1509 1652 1584; x_wconf 82' lang='lat' dir='ltr'><strong>fuerint</strong></span> <span class='ocrx_word' id='word_1_78' title='bbox 1675 1538 1796 1589; x_wconf 85' lang='lat' dir='ltr'><strong>rerum</strong></span> 
     </span>
     <span class='ocr_line' id='line_1_11' title="bbox 434 1606 1798 1702; baseline 0.008 -26"><span class='ocrx_word' id='word_1_79' title='bbox 434 1631 506 1678; x_wconf 89' lang='lat' dir='ltr'><strong>non</strong></span> <span class='ocrx_word' id='word_1_80' title='bbox 531 1607 619 1679; x_wconf 86' lang='lat' dir='ltr'><strong>satis</strong></span> <span class='ocrx_word' id='word_1_81' title='bbox 638 1606 738 1702; x_wconf 80' lang='lat' dir='ltr'><strong>juste</strong></span> <span class='ocrx_word' id='word_1_82' title='bbox 766 1619 802 1678; x_wconf 89' lang='lat' dir='ltr'><strong>et</strong></span> <span class='ocrx_word' id='word_1_83' title='bbox 826 1618 922 1678; x_wconf 86' lang='lat' dir='ltr'><strong>recte</strong></span> <span class='ocrx_word' id='word_1_84' title='bbox 948 1618 1179 1677; x_wconf 80' lang='lat' dir='ltr'><strong>narratarum.</strong></span> <span class='ocrx_word' id='word_1_85' title='bbox 1230 1610 1338 1679; x_wconf 84' lang='lat' dir='ltr'><strong>Hisce</strong></span> <span class='ocrx_word' id='word_1_86' title='bbox 1354 1631 1422 1680; x_wconf 79' lang='lat' dir='ltr'><strong>noo</strong></span> <span class='ocrx_word' id='word_1_87' title='bbox 1446 1633 1521 1679; x_wconf 91' lang='lat' dir='ltr'><strong>non</strong></span> <span class='ocrx_word' id='word_1_88' title='bbox 1544 1609 1680 1683; x_wconf 87' lang='lat' dir='ltr'><strong>amoliri</strong></span> <span class='ocrx_word' id='word_1_89' title='bbox 1705 1615 1798 1693; x_wconf 84' lang='lat' dir='ltr'><strong>vclle</strong></span> 
     </span>
     <span class='ocr_line' id='line_1_12' title="bbox 431 1703 1796 1803; baseline 0.009 -30"><span class='ocrx_word' id='word_1_90' title='bbox 431 1730 452 1773; x_wconf 85' lang='lat' dir='ltr'><strong>a</strong></span> <span class='ocrx_word' id='word_1_91' title='bbox 476 1704 716 1801; x_wconf 84' lang='lat' dir='ltr'><strong>Xenophonte</strong></span> <span class='ocrx_word' id='word_1_92' title='bbox 741 1705 940 1776; x_wconf 86' lang='lat' dir='ltr'><strong>Laconismi</strong></span> <span class='ocrx_word' id='word_1_93' title='bbox 965 1704 1021 1774; x_wconf 88' lang='lat' dir='ltr'><strong>vel</strong></span> <span class='ocrx_word' id='word_1_94' title='bbox 1046 1705 1082 1773; x_wconf 93' lang='lat' dir='ltr'><strong>in</strong></span> <span class='ocrx_word' id='word_1_95' title='bbox 1113 1703 1260 1799; x_wconf 84' lang='lat' dir='ltr'><strong>historia</strong></span> <span class='ocrx_word' id='word_1_96' title='bbox 1285 1731 1350 1776; x_wconf 87' lang='lat' dir='ltr'><strong>sna</strong></span> <span class='ocrx_word' id='word_1_97' title='bbox 1381 1704 1522 1803; x_wconf 86' lang='lat' dir='ltr'><strong>probati</strong></span> <span class='ocrx_word' id='word_1_98' title='bbox 1549 1710 1698 1800; x_wconf 82' lang='lat' dir='ltr'><strong>crimen,</strong></span> <span class='ocrx_word' id='word_1_99' title='bbox 1751 1740 1796 1787; x_wconf 85' lang='lat' dir='ltr'><strong>ex</strong></span> 
     </span>
     <span class='ocr_line' id='line_1_13' title="bbox 430 1803 1794 1901; baseline 0.008 -30"><span class='ocrx_word' id='word_1_100' title='bbox 430 1805 493 1893; x_wconf 88' lang='lat' dir='ltr'><strong>iis,</strong></span> <span class='ocrx_word' id='word_1_101' title='bbox 526 1829 618 1901; x_wconf 86' lang='lat' dir='ltr'><strong>quae</strong></span> <span class='ocrx_word' id='word_1_102' title='bbox 636 1828 752 1900; x_wconf 85' lang='lat' dir='ltr'><strong>¹supra</strong></span> <span class='ocrx_word' id='word_1_103' title='bbox 779 1803 1052 1900; x_wconf 80' lang='lat' dir='ltr'><strong>disputavimus,</strong></span> <span class='ocrx_word' id='word_1_104' title='bbox 1085 1815 1254 1899; x_wconf 77' lang='lat' dir='ltr'><strong>patescat</strong></span> <span class='ocrx_word' id='word_1_105' title='bbox 1305 1807 1352 1874; x_wconf 86' lang='lat' dir='ltr'><strong>Et</strong></span> <span class='ocrx_word' id='word_1_106' title='bbox 1374 1818 1455 1876; x_wconf 90' lang='lat' dir='ltr'><strong>utut</strong></span> <span class='ocrx_word' id='word_1_107' title='bbox 1483 1818 1555 1898; x_wconf 88' lang='lat' dir='ltr'><strong>est,</strong></span> <span class='ocrx_word' id='word_1_108' title='bbox 1592 1810 1727 1880; x_wconf 87' lang='lat' dir='ltr'><strong>etiamsi</strong></span> <span class='ocrx_word' id='word_1_109' title='bbox 1752 1811 1794 1883; x_wconf 91' lang='lat' dir='ltr'><strong>il·</strong></span> 
     </span>
    </p>
   </div>
   <div class='ocr_carea' id='block_1_5' title="bbox 313 1899 1795 2002">
    <p class='ocr_par' dir='ltr' id='par_1_5' title="bbox 313 1899 1795 2002">
     <span class='ocr_line' id='line_1_14' title="bbox 313 1899 1795 2002; baseline 0.007 -32"><span class='ocrx_word' id='word_1_110' title='bbox 313 1920 315 1926; x_wconf 79' lang='grc'>’</span> <span class='ocrx_word' id='word_1_111' title='bbox 427 1899 493 1972; x_wconf 90' lang='lat' dir='ltr'><strong>lud</strong></span> <span class='ocrx_word' id='word_1_112' title='bbox 519 1906 693 2000; x_wconf 87' lang='lat' dir='ltr'><strong>acceperis</strong></span> <span class='ocrx_word' id='word_1_113' title='bbox 718 1902 869 2002; x_wconf 83' lang='lat' dir='ltr'><strong>ideoque</strong></span> <span class='ocrx_word' id='word_1_114' title='bbox 894 1900 1097 1999; x_wconf 85' lang='lat' dir='ltr'><strong>Xenophon</strong></span> <span class='ocrx_word' id='word_1_115' title='bbox 1122 1903 1159 1971; x_wconf 89' lang='lat' dir='ltr'><strong>in</strong></span> <span class='ocrx_word' id='word_1_116' title='bbox 1185 1901 1306 1974; x_wconf 86' lang='lat' dir='ltr'><strong>multis</strong></span> <span class='ocrx_word' id='word_1_117' title='bbox 1335 1902 1399 1975; x_wconf 90' lang='lat' dir='ltr'><strong>tihi</strong></span> <span class='ocrx_word' id='word_1_118' title='bbox 1425 1907 1626 1977; x_wconf 86' lang='lat' dir='ltr'><strong>excusatior</strong></span> <span class='ocrx_word' id='word_1_119' title='bbox 1651 1910 1714 1999; x_wconf 90' lang='lat' dir='ltr'><strong>sit,</strong></span> <span class='ocrx_word' id='word_1_120' title='bbox 1742 1923 1795 1980; x_wconf 91' lang='lat' dir='ltr'><strong>ta·</strong></span> 
     </span>
    </p>
   </div>
   <div class='ocr_carea' id='block_1_6' title="bbox 428 2001 1796 3191">
    <p class='ocr_par' dir='ltr' id='par_1_6' title="bbox 428 2001 1796 3191">
     <span class='ocr_line' id='line_1_15' title="bbox 431 2001 1795 2101; baseline 0.005 -29"><span class='ocrx_word' id='word_1_121' title='bbox 431 2025 513 2072; x_wconf 87' lang='lat' dir='ltr'><strong>men</strong></span> <span class='ocrx_word' id='word_1_122' title='bbox 538 2028 578 2073; x_wconf 87' lang='lat' dir='ltr'><strong>ea</strong></span> <span class='ocrx_word' id='word_1_123' title='bbox 607 2014 764 2074; x_wconf 83' lang='lat' dir='ltr'><strong>remanet</strong></span> <span class='ocrx_word' id='word_1_124' title='bbox 790 2003 916 2099; x_wconf 89' lang='lat' dir='ltr'><strong>eulpa,</strong></span> <span class='ocrx_word' id='word_1_125' title='bbox 970 2002 1069 2099; x_wconf 89' lang='lat' dir='ltr'><strong>qnod</strong></span> <span class='ocrx_word' id='word_1_126' title='bbox 1101 2027 1175 2074; x_wconf 92' lang='lat' dir='ltr'><strong>non</strong></span> <span class='ocrx_word' id='word_1_127' title='bbox 1200 2001 1417 2101; x_wconf 73' lang='lat' dir='ltr'><strong>Thucydidis</strong></span> <span class='ocrx_word' id='word_1_128' title='bbox 1436 2002 1468 2099; x_wconf 74' lang='grc' dir='ltr'><strong>ι)</strong></span> <span class='ocrx_word' id='word_1_129' title='bbox 1496 2006 1695 2100; x_wconf 83' lang='lat' dir='ltr'><strong>exemplum</strong></span> <span class='ocrx_word' id='word_1_130' title='bbox 1721 2010 1795 2080; x_wconf 91' lang='lat' dir='ltr'><strong>imi·</strong></span> 
     </span>
     <span class='ocr_line' id='line_1_16' title="bbox 431 2101 1794 2204; baseline 0.007 -34"><span class='ocrx_word' id='word_1_131' title='bbox 431 2110 528 2174; x_wconf 84' lang='lat' dir='ltr'><strong>tatus</strong></span> <span class='ocrx_word' id='word_1_132' title='bbox 554 2103 672 2172; x_wconf 88' lang='lat' dir='ltr'><strong>omnia</strong></span> <span class='ocrx_word' id='word_1_133' title='bbox 697 2103 910 2196; x_wconf 83' lang='lat' dir='ltr'><strong>impendisse</strong></span> <span class='ocrx_word' id='word_1_134' title='bbox 940 2101 1100 2194; x_wconf 82' lang='lat' dir='ltr'><strong>videtur,</strong></span> <span class='ocrx_word' id='word_1_135' title='bbox 1147 2110 1194 2171; x_wconf 70' lang='lat' dir='ltr'><strong>‘nt</strong></span> <span class='ocrx_word' id='word_1_136' title='bbox 1218 2104 1399 2173; x_wconf 82' lang='lat' dir='ltr'><strong>verissima</strong></span> <span class='ocrx_word' id='word_1_137' title='bbox 1431 2127 1594 2199; x_wconf 86' lang='lat' dir='ltr'><strong>quaeque</strong></span> <span class='ocrx_word' id='word_1_138' title='bbox 1625 2110 1794 2204; x_wconf 87' lang='lat' dir='ltr'><strong>comperi·</strong></span> 
     </span>
     <span class='ocr_line' id='line_1_17' title="bbox 432 2201 1796 2302; baseline 0.007 -32"><span class='ocrx_word' id='word_1_139' title='bbox 432 2212 497 2272; x_wconf 83' lang='lat' dir='ltr'><strong>ret.</strong></span> <span class='ocrx_word' id='word_1_140' title='bbox 523 2237 576 2256; x_wconf 89' lang='lat'><em>-</em></span> <span class='ocrx_word' id='word_1_141' title='bbox 634 2203 676 2271; x_wconf 93' lang='lat' dir='ltr'><strong>ln</strong></span> <span class='ocrx_word' id='word_1_142' title='bbox 702 2204 823 2296; x_wconf 85' lang='lat' dir='ltr'><strong>primis</strong></span> <span class='ocrx_word' id='word_1_143' title='bbox 848 2201 950 2272; x_wconf 85' lang='lat' dir='ltr'><strong>libris</strong></span> <span class='ocrx_word' id='word_1_144' title='bbox 976 2227 1058 2273; x_wconf 85' lang='lat' dir='ltr'><strong>eum</strong></span> <span class='ocrx_word' id='word_1_145' title='bbox 1082 2201 1216 2273; x_wconf 86' lang='lat' dir='ltr'><strong>relictis</strong></span> <span class='ocrx_word' id='word_1_146' title='bbox 1242 2226 1263 2270; x_wconf 93' lang='lat' dir='ltr'><strong>a</strong></span> <span class='ocrx_word' id='word_1_147' title='bbox 1289 2201 1496 2302; x_wconf 72' lang='lat' dir='ltr'><strong>Thucydide</strong></span> <span class='ocrx_word' id='word_1_148' title='bbox 1520 2205 1663 2300; x_wconf 90' lang='lat' dir='ltr'><strong>seriptis</strong></span> <span class='ocrx_word' id='word_1_149' title='bbox 1691 2232 1796 2280; x_wconf 90' lang='lat' dir='ltr'><strong>usum</strong></span> 
     </span>
     <span class='ocr_line' id='line_1_18' title="bbox 430 2299 1795 2400; baseline 0.006 -28"><span class='ocrx_word' id='word_1_150' title='bbox 430 2323 530 2392; x_wconf 86' lang='lat' dir='ltr'><strong>esse,</strong></span> <span class='ocrx_word' id='word_1_151' title='bbox 577 2324 688 2396; x_wconf 85' lang='lat' dir='ltr'><strong>snpra</strong></span> <span class='ocrx_word' id='word_1_152' title='bbox 712 2301 872 2371; x_wconf 85' lang='lat' dir='ltr'><strong>vidimus.</strong></span> <span class='ocrx_word' id='word_1_153' title='bbox 934 2299 1038 2370; x_wconf 74' lang='lat' dir='ltr'><strong>Alius</strong></span> <span class='ocrx_word' id='word_1_154' title='bbox 1066 2326 1183 2373; x_wconf 88' lang='lat' dir='ltr'><strong>rernm</strong></span> <span class='ocrx_word' id='word_1_155' title='bbox 1208 2303 1383 2398; x_wconf 82' lang='lat' dir='ltr'><strong>scriptor,</strong></span> <span class='ocrx_word' id='word_1_156' title='bbox 1432 2326 1537 2400; x_wconf 84' lang='lat' dir='ltr'><strong>quem</strong></span> <span class='ocrx_word' id='word_1_157' title='bbox 1563 2303 1602 2374; x_wconf 86' lang='lat' dir='ltr'><strong>in</strong></span> <span class='ocrx_word' id='word_1_158' title='bbox 1627 2306 1795 2381; x_wconf 81' lang='lat' dir='ltr'><strong>auxilium</strong></span> 
     </span>
     <span class='ocr_line' id='line_1_19' title="bbox 430 2398 1794 2504; baseline 0.007 -35"><span class='ocrx_word' id='word_1_159' title='bbox 430 2422 558 2471; x_wconf 80' lang='lat' dir='ltr'><strong>vocare</strong></span> <span class='ocrx_word' id='word_1_160' title='bbox 582 2409 725 2495; x_wconf 89' lang='lat' dir='ltr'><strong>posset,</strong></span> <span class='ocrx_word' id='word_1_161' title='bbox 764 2408 839 2470; x_wconf 85' lang='lat' dir='ltr'><strong>erat</strong></span> <span class='ocrx_word' id='word_1_162' title='bbox 864 2398 1077 2495; x_wconf 85' lang='lat' dir='ltr'><strong>Cratippus,</strong></span> <span class='ocrx_word' id='word_1_163' title='bbox 1120 2402 1183 2497; x_wconf 85' lang='lat' dir='ltr'><strong>qui</strong></span> <span class='ocrx_word' id='word_1_164' title='bbox 1209 2400 1427 2500; x_wconf 73' lang='lat' dir='ltr'><strong>Thucydidis</strong></span> <span class='ocrx_word' id='word_1_165' title='bbox 1453 2402 1610 2499; x_wconf 85' lang='lat' dir='ltr'><strong>aequalis</strong></span> <span class='ocrx_word' id='word_1_166' title='bbox 1627 2399 1661 2502; x_wconf 74' lang='lat'><strong>²)</strong></span> <span class='ocrx_word' id='word_1_167' title='bbox 1687 2404 1794 2504; x_wconf 84' lang='lat' dir='ltr'><strong>hujus</strong></span> 
     </span>
     <span class='ocr_line' id='line_1_20' title="bbox 432 2494 1795 2697; baseline 0.007 -29"><span class='ocrx_word' id='word_1_168' title='bbox 432 2494 778 2672; x_wconf 69' lang='lat' dir='ltr'><strong>ttttttttttlt</strong></span> <span class='ocrx_word' id='word_1_169' title='bbox 802 2499 1277 2671; x_wconf 59' lang='lat' dir='ltr'><strong>littttttttttth</strong></span> <span class='ocrx_word' id='word_1_170' title='bbox 1293 2497 1795 2697; x_wconf 50' lang='lat' dir='ltr'><strong>zlllidilll’iiili</strong></span> 
     </span>
     <span class='ocr_line' id='line_1_21' title="bbox 432 2623 1794 2796; baseline 0.004 -26"><span class='ocrx_word' id='word_1_171' title='bbox 432 2707 538 2770; x_wconf 73' lang='lat' dir='ltr'><strong>certa.</strong></span> <span class='ocrx_word' id='word_1_172' title='bbox 588 2700 631 2772; x_wconf 90' lang='lat' dir='ltr'><strong>ln</strong></span> <span class='ocrx_word' id='word_1_173' title='bbox 655 2700 796 2794; x_wconf 89' lang='lat' dir='ltr'><strong>paneis,</strong></span> <span class='ocrx_word' id='word_1_174' title='bbox 824 2623 916 2796; x_wconf 56' lang='lat' dir='ltr'><strong>duae</strong></span> <span class='ocrx_word' id='word_1_175' title='bbox 940 2623 989 2770; x_wconf 65' lang='lat' dir='ltr'><strong>di</strong></span> <span class='ocrx_word' id='word_1_176' title='bbox 1010 2694 1148 2770; x_wconf 86' lang='lat' dir='ltr'><strong>Siciliae</strong></span> <span class='ocrx_word' id='word_1_177' title='bbox 1172 2697 1281 2770; x_wconf 89' lang='lat' dir='ltr'><strong>rchus</strong></span> <span class='ocrx_word' id='word_1_178' title='bbox 1309 2712 1577 2792; x_wconf 83' lang='lat' dir='ltr'><strong>commemorat,</strong></span> <span class='ocrx_word' id='word_1_179' title='bbox 1606 2707 1723 2776; x_wconf 85' lang='lat' dir='ltr'><strong>nescio</strong></span> <span class='ocrx_word' id='word_1_180' title='bbox 1749 2732 1794 2776; x_wconf 91' lang='lat' dir='ltr'><strong>an</strong></span> 
     </span>
     <span class='ocr_line' id='line_1_22' title="bbox 429 2794 1793 2897; baseline 0.005 -29"><span class='ocrx_word' id='word_1_181' title='bbox 429 2794 616 2883; x_wconf 82' lang='lat' dir='ltr'><strong>Phdistum</strong></span> <span class='ocrx_word' id='word_1_182' title='bbox 641 2797 860 2891; x_wconf 82' lang='lat' dir='ltr'><strong>adhibuerit3</strong></span> <span class='ocrx_word' id='word_1_183' title='bbox 914 2796 990 2893; x_wconf 88' lang='lat' dir='ltr'><strong>ejus</strong></span> <span class='ocrx_word' id='word_1_184' title='bbox 1015 2798 1106 2868; x_wconf 89' lang='lat' dir='ltr'><strong>enim</strong></span> <span class='ocrx_word' id='word_1_185' title='bbox 1134 2795 1304 2868; x_wconf 80' lang='lat' dir='ltr'><strong>historiae</strong></span> <span class='ocrx_word' id='word_1_186' title='bbox 1329 2796 1469 2867; x_wconf 83' lang='lat' dir='ltr'><strong>Siculae</strong></span> <span class='ocrx_word' id='word_1_187' title='bbox 1494 2799 1531 2867; x_wconf 94' lang='lat' dir='ltr'><strong>in</strong></span> <span class='ocrx_word' id='word_1_188' title='bbox 1556 2797 1645 2870; x_wconf 88' lang='lat' dir='ltr'><strong>duas</strong></span> <span class='ocrx_word' id='word_1_189' title='bbox 1673 2816 1793 2897; x_wconf 87' lang='lat' dir='ltr'><strong>partes</strong></span> 
     </span>
     <span class='ocr_line' id='line_1_23' title="bbox 428 2892 1793 2995; baseline 0.005 -27"><span class='ocrx_word' id='word_1_190' title='bbox 428 2894 559 2970; x_wconf 85' lang='lat' dir='ltr'><strong>divisae</strong></span> <span class='ocrx_word' id='word_1_191' title='bbox 584 2908 706 2989; x_wconf 82' lang='lat' dir='ltr'><strong>erant,</strong></span> <span class='ocrx_word' id='word_1_192' title='bbox 758 2896 863 2995; x_wconf 84' lang='lat' dir='ltr'><strong>enjus</strong></span> <span class='ocrx_word' id='word_1_193' title='bbox 896 2893 1008 2965; x_wconf 81' lang='lat' dir='ltr'><strong>altera</strong></span> <span class='ocrx_word' id='word_1_194' title='bbox 1031 2906 1168 2988; x_wconf 84' lang='lat' dir='ltr'><strong>septem</strong></span> <span class='ocrx_word' id='word_1_195' title='bbox 1198 2893 1298 2964; x_wconf 89' lang='lat' dir='ltr'><strong>libris</strong></span> <span class='ocrx_word' id='word_1_196' title='bbox 1325 2892 1407 2990; x_wconf 90' lang='lat' dir='ltr'><strong>plns</strong></span> <span class='ocrx_word' id='word_1_197' title='bbox 1441 2918 1547 2993; x_wconf 57' lang='lat' dir='ltr'><strong>Qum</strong></span> <span class='ocrx_word' id='word_1_198' title='bbox 1573 2900 1793 2994; x_wconf 78' lang='lat' dir='ltr'><strong>octingentos</strong></span> 
     </span>
     <span class='ocr_line' id='line_1_24' title="bbox 428 2990 1794 3095; baseline 0.004 -29"><span class='ocrx_word' id='word_1_199' title='bbox 428 3021 539 3071; x_wconf 90' lang='lat' dir='ltr'><strong>annos</strong></span> <span class='ocrx_word' id='word_1_200' title='bbox 572 2996 759 3089; x_wconf 86' lang='lat' dir='ltr'><strong>complexa</strong></span> <span class='ocrx_word' id='word_1_201' title='bbox 793 2995 839 3063; x_wconf 90' lang='lat' dir='ltr'><strong>ad</strong></span> <span class='ocrx_word' id='word_1_202' title='bbox 865 2994 973 3091; x_wconf 69' lang='lat' dir='ltr'><strong>Olym</strong></span> <span class='ocrx_word' id='word_1_203' title='bbox 998 2991 1110 3065; x_wconf 88' lang='lat' dir='ltr'><strong>iadem</strong></span> <span class='ocrx_word' id='word_1_204' title='bbox 1134 2990 1199 3085; x_wconf 77' lang='lat'><strong>95,</strong></span> <span class='ocrx_word' id='word_1_205' title='bbox 1225 2992 1263 3065; x_wconf 78' lang='lat'><strong>5.</strong></span> <span class='ocrx_word' id='word_1_206' title='bbox 1292 2990 1411 3091; x_wconf 73' lang='grc'><strong>(466.)</strong></span> <span class='ocrx_word' id='word_1_207' title='bbox 1449 3005 1661 3095; x_wconf 86' lang='lat' dir='ltr'><strong>captumque</strong></span> <span class='ocrx_word' id='word_1_208' title='bbox 1688 3004 1794 3095; x_wconf 76' lang='lat' dir='ltr'><strong>Agri·</strong></span> 
     </span>
     <span class='ocr_line' id='line_1_25' title="bbox 430 3018 1681 3191; baseline 0.002 -23"><span class='ocrx_word' id='word_1_209' title='bbox 430 3109 574 3189; x_wconf 72' lang='lat' dir='ltr'><strong>gentum</strong></span> <span class='ocrx_word' id='word_1_210' title='bbox 601 3092 661 3191; x_wconf 78' lang='lat' dir='ltr'><strong>(de</strong></span> <span class='ocrx_word' id='word_1_211' title='bbox 688 3118 760 3190; x_wconf 91' lang='lat' dir='ltr'><strong>quo</strong></span> <span class='ocrx_word' id='word_1_212' title='bbox 786 3094 878 3164; x_wconf 84' lang='lat' dir='ltr'><strong>Xen.</strong></span> <span class='ocrx_word' id='word_1_213' title='bbox 903 3018 1095 3182; x_wconf 74' lang='lat' dir='ltr'><strong>Hellen.2‚</strong></span> <span class='ocrx_word' id='word_1_214' title='bbox 1114 3088 1151 3182; x_wconf 68' lang='lat'><strong>2,</strong></span> <span class='ocrx_word' id='word_1_215' title='bbox 1169 3089 1271 3189; x_wconf 62' lang='grc'><strong>94),</strong></span> <span class='ocrx_word' id='word_1_216' title='bbox 1311 3090 1422 3165; x_wconf 81' lang='lat' dir='ltr'><strong>altera</strong></span> <span class='ocrx_word' id='word_1_217' title='bbox 1446 3090 1528 3167; x_wconf 89' lang='lat' dir='ltr'><strong>hino</strong></span> <span class='ocrx_word' id='word_1_218' title='bbox 1555 3122 1681 3170; x_wconf 82' lang='lat' dir='ltr'><strong>exorsa</strong></span> 
     </span>
    </p>
   </div>
   <div class='ocr_carea' id='block_1_7' title="bbox 430 3128 1793 3297">
    <p class='ocr_par' dir='ltr' id='par_1_7' title="bbox 430 3128 1793 3297">
     <span class='ocr_line' id='line_1_26' title="bbox 430 3128 1793 3297; baseline 0.006 -32"><span class='ocrx_word' id='word_1_219' title='bbox 430 3206 516 3265; x_wconf 88' lang='lat' dir='ltr'><strong>tuor</strong></span> <span class='ocrx_word' id='word_1_220' title='bbox 541 3192 640 3264; x_wconf 87' lang='lat' dir='ltr'><strong>libris</strong></span> <span class='ocrx_word' id='word_1_221' title='bbox 665 3191 825 3291; x_wconf 68' lang='lat' dir='ltr'><strong>Dionysii</strong></span> <span class='ocrx_word' id='word_1_222' title='bbox 852 3190 1001 3261; x_wconf 87' lang='lat' dir='ltr'><strong>senioris</strong></span> <span class='ocrx_word' id='word_1_223' title='bbox 1027 3216 1084 3262; x_wconf 90' lang='lat' dir='ltr'><strong>res</strong></span> <span class='ocrx_word' id='word_1_224' title='bbox 1111 3190 1295 3288; x_wconf 80' lang='lat' dir='ltr'><strong>usquead</strong></span> <span class='ocrx_word' id='word_1_225' title='bbox 1321 3193 1398 3290; x_wconf 85' lang='lat' dir='ltr'><strong>ejus</strong></span> <span class='ocrx_word' id='word_1_226' title='bbox 1423 3205 1573 3268; x_wconf 90' lang='lat' dir='ltr'><strong>mortem</strong></span> <span class='ocrx_word' id='word_1_227' title='bbox 1602 3195 1675 3292; x_wconf 87' lang='lat'><strong>(01.</strong></span> <span class='ocrx_word' id='word_1_228' title='bbox 1701 3128 1793 3297; x_wconf 58' lang='lat' dir='ltr'><strong>dua,</strong></span> 
     </span>
    </p>
   </div>
   <div class='ocr_carea' id='block_1_8' title="bbox 429 3286 1792 3490">
    <p class='ocr_par' dir='ltr' id='par_1_8' title="bbox 429 3286 1792 3490">
     <span class='ocr_line' id='line_1_27' title="bbox 429 3286 1792 3461; baseline 0.007 -98"><span class='ocrx_word' id='word_1_229' title='bbox 429 3290 480 3389; x_wconf 68' lang='lat' dir='ltr'><strong>S.)</strong></span> <span class='ocrx_word' id='word_1_230' title='bbox 495 3290 529 3391; x_wconf 79' lang='lat'><strong>⁴)</strong></span> <span class='ocrx_word' id='word_1_231' title='bbox 556 3302 742 3390; x_wconf 83' lang='lat' dir='ltr'><strong>persecuta</strong></span> <span class='ocrx_word' id='word_1_232' title='bbox 767 3302 843 3362; x_wconf 84' lang='lat' dir='ltr'><strong>erat</strong></span> <span class='ocrx_word' id='word_1_233' title='bbox 859 3286 914 3389; x_wconf 69' lang='lat' dir='ltr'><strong>tt).</strong></span> <span class='ocrx_word' id='word_1_234' title='bbox 940 3290 1156 3461; x_wconf 69' lang='lat' dir='ltr'><strong>itaoapnidem</strong></span> <span class='ocrx_word' id='word_1_235' title='bbox 1181 3303 1217 3363; x_wconf 88' lang='lat' dir='ltr'><strong>ct</strong></span> <span class='ocrx_word' id='word_1_236' title='bbox 1240 3290 1331 3363; x_wconf 89' lang='lat' dir='ltr'><strong>hanc</strong></span> <span class='ocrx_word' id='word_1_237' title='bbox 1356 3303 1492 3388; x_wconf 86' lang='lat' dir='ltr'><strong>partem</strong></span> <span class='ocrx_word' id='word_1_238' title='bbox 1521 3309 1644 3367; x_wconf 87' lang='lat' dir='ltr'><strong>nosset</strong></span> <span class='ocrx_word' id='word_1_239' title='bbox 1671 3299 1792 3374; x_wconf 84' lang='lat' dir='ltr'><strong>Xeno·</strong></span> 
     </span>
     <span class='ocr_line' id='line_1_28' title="bbox 1041 3418 1063 3490; baseline 0 -59"><span class='ocrx_word' id='word_1_240' title='bbox 1041 3418 1063 3490; x_wconf 60' lang='lat'><em>5</em></span> 
     </span>
    </p>
   </div>
   <div class='ocr_carea' id='block_1_9' title="bbox 427 3343 1896 3794">
    <p class='ocr_par' dir='ltr' id='par_1_9' title="bbox 427 3343 1896 3794">
     <span class='ocr_line' id='line_1_29' title="bbox 427 3343 1791 3490; baseline 0.007 -27"><span class='ocrx_word' id='word_1_241' title='bbox 427 3392 545 3490; x_wconf 86' lang='lat' dir='ltr'><strong>phon,</strong></span> <span class='ocrx_word' id='word_1_242' title='bbox 593 3416 672 3463; x_wconf 87' lang='lat' dir='ltr'><strong>eum</strong></span> <span class='ocrx_word' id='word_1_243' title='bbox 697 3389 735 3484; x_wconf 68' lang='lat' dir='ltr'><strong>S,</strong></span> <span class='ocrx_word' id='word_1_244' title='bbox 760 3387 801 3485; x_wconf 75' lang='grc'><strong>5,</strong></span> <span class='ocrx_word' id='word_1_245' title='bbox 827 3388 863 3465; x_wconf 81' lang='lat'><strong>5.</strong></span> <span class='ocrx_word' id='word_1_246' title='bbox 899 3343 967 3460; x_wconf 65' lang='lat' dir='ltr'><strong>dub</strong></span> <span class='ocrx_word' id='word_1_247' title='bbox 1065 3386 1227 3489; x_wconf 75' lang='lat' dir='ltr'><strong>mpttt,</strong></span> <span class='ocrx_word' id='word_1_248' title='bbox 1254 3388 1288 3462; x_wconf 83' lang='grc'><strong>1.</strong></span> <span class='ocrx_word' id='word_1_249' title='bbox 1315 3389 1420 3485; x_wconf 77' lang='lat' dir='ltr'><strong>(tot.</strong></span> <span class='ocrx_word' id='word_1_250' title='bbox 1465 3391 1602 3468; x_wconf 83' lang='lat' dir='ltr'><strong>Siciliae</strong></span> <span class='ocrx_word' id='word_1_251' title='bbox 1631 3422 1689 3469; x_wconf 85' lang='lat' dir='ltr'><strong>res</strong></span> <span class='ocrx_word' id='word_1_252' title='bbox 1721 3427 1791 3474; x_wconf 89' lang='lat' dir='ltr'><strong>me·</strong></span> 
     </span>
     <span class='ocr_line' id='line_1_30' title="bbox 428 3487 1790 3596; baseline -0.004 -32"><span class='ocrx_word' id='word_1_253' title='bbox 428 3506 558 3585; x_wconf 67' lang='lat' dir='ltr'><strong>moret,</strong></span> <span class='ocrx_word' id='word_1_254' title='bbox 585 3492 685 3588; x_wconf 88' lang='lat' dir='ltr'><strong>atqui</strong></span> <span class='ocrx_word' id='word_1_255' title='bbox 710 3491 802 3562; x_wconf 88' lang='lat' dir='ltr'><strong>edita</strong></span> <span class='ocrx_word' id='word_1_256' title='bbox 827 3490 888 3562; x_wconf 89' lang='lat' dir='ltr'><strong>illa</strong></span> <span class='ocrx_word' id='word_1_257' title='bbox 912 3502 1007 3563; x_wconf 88' lang='lat' dir='ltr'><strong>certe</strong></span> <span class='ocrx_word' id='word_1_258' title='bbox 1033 3503 1108 3564; x_wconf 86' lang='lat' dir='ltr'><strong>erat</strong></span> <span class='ocrx_word' id='word_1_259' title='bbox 1132 3505 1270 3591; x_wconf 89' lang='lat' dir='ltr'><strong>posta.</strong></span> <span class='ocrx_word' id='word_1_260' title='bbox 1294 3487 1382 3564; x_wconf 75' lang='grc'><strong>567.</strong></span> <span class='ocrx_word' id='word_1_261' title='bbox 1426 3493 1484 3564; x_wconf 81' lang='lat' dir='ltr'><strong>Ol.</strong></span> <span class='ocrx_word' id='word_1_262' title='bbox 1513 3490 1602 3588; x_wconf 74' lang='lat'><strong>105,</strong></span> <span class='ocrx_word' id='word_1_263' title='bbox 1627 3493 1700 3596; x_wconf 72' lang='grc'><strong>2.),</strong></span> <span class='ocrx_word' id='word_1_264' title='bbox 1727 3528 1790 3572; x_wconf 78' lang='lat' dir='ltr'><strong>un.</strong></span> 
     </span>
     <span class='ocr_line' id='line_1_31' title="bbox 428 3588 1790 3691; baseline 0.008 -29"><span class='ocrx_word' id='word_1_265' title='bbox 428 3592 473 3667; x_wconf 84' lang='lat' dir='ltr'><strong>de</strong></span> <span class='ocrx_word' id='word_1_266' title='bbox 500 3590 684 3690; x_wconf 86' lang='lat' dir='ltr'><strong>probabile</strong></span> <span class='ocrx_word' id='word_1_267' title='bbox 712 3591 826 3683; x_wconf 83' lang='lat' dir='ltr'><strong>toret,</strong></span> <span class='ocrx_word' id='word_1_268' title='bbox 868 3588 1140 3686; x_wconf 80' lang='lat' dir='ltr'><strong>Xenophontem</strong></span> <span class='ocrx_word' id='word_1_269' title='bbox 1160 3592 1236 3690; x_wconf 89' lang='lat' dir='ltr'><strong>jam</strong></span> <span class='ocrx_word' id='word_1_270' title='bbox 1260 3594 1411 3691; x_wconf 86' lang='lat' dir='ltr'><strong>scriptae</strong></span> <span class='ocrx_word' id='word_1_271' title='bbox 1438 3593 1604 3669; x_wconf 82' lang='lat' dir='ltr'><strong>historiae</strong></span> <span class='ocrx_word' id='word_1_272' title='bbox 1629 3621 1715 3672; x_wconf 87' lang='lat' dir='ltr'><strong>snae</strong></span> <span class='ocrx_word' id='word_1_273' title='bbox 1737 3602 1790 3672; x_wconf 89' lang='lat' dir='ltr'><strong>in·</strong></span> 
     </span>
     <span class='ocr_line' id='line_1_32' title="bbox 430 3688 1896 3794; baseline 0.01 -32"><span class='ocrx_word' id='word_1_274' title='bbox 430 3695 601 3785; x_wconf 83' lang='lat' dir='ltr'><strong>seruisse,</strong></span> <span class='ocrx_word' id='word_1_275' title='bbox 635 3716 725 3791; x_wconf 88' lang='lat' dir='ltr'><strong>quae</strong></span> <span class='ocrx_word' id='word_1_276' title='bbox 750 3690 795 3765; x_wconf 90' lang='lat' dir='ltr'><strong>de</strong></span> <span class='ocrx_word' id='word_1_277' title='bbox 820 3688 936 3764; x_wconf 85' lang='lat' dir='ltr'><strong>Sicilia</strong></span> <span class='ocrx_word' id='word_1_278' title='bbox 959 3688 1079 3763; x_wconf 88' lang='lat' dir='ltr'><strong>hahet.</strong></span> <span class='ocrx_word' id='word_1_279' title='bbox 1130 3695 1227 3769; x_wconf 84' lang='lat' dir='ltr'><strong>llaec</strong></span> <span class='ocrx_word' id='word_1_280' title='bbox 1251 3704 1370 3769; x_wconf 88' lang='lat' dir='ltr'><strong>autem</strong></span> <span class='ocrx_word' id='word_1_281' title='bbox 1395 3696 1536 3770; x_wconf 89' lang='lat' dir='ltr'><strong>omnino</strong></span> <span class='ocrx_word' id='word_1_282' title='bbox 1562 3722 1647 3794; x_wconf 86' lang='lat' dir='ltr'><strong>prae</strong></span> <span class='ocrx_word' id='word_1_283' title='bbox 1675 3726 1714 3773; x_wconf 88' lang='lat' dir='ltr'><strong>so</strong></span> <span class='ocrx_word' id='word_1_284' title='bbox 1739 3701 1790 3776; x_wconf 82' lang='lat' dir='ltr'><strong>le·</strong></span> <span class='ocrx_word' id='word_1_285' title='bbox 1891 3760 1896 3767; x_wconf 87' lang='lat'><strong>.</strong></span> 
     </span>
    </p>
   </div>
   <div class='ocr_carea' id='block_1_10' title="bbox 435 3878 717 3889">
    <p class='ocr_par' dir='ltr' id='par_1_10' title="bbox 435 3878 717 3889">
     <span class='ocr_line' id='line_1_33' title="bbox 435 3878 717 3889; baseline 0 0"><span class='ocrx_word' id='word_1_286' title='bbox 435 3878 717 3889; x_wconf 52' lang='lat' dir='ltr'><strong>&#39;&#39;ua—*⁶*-</strong></span> 
     </span>
    </p>
   </div>
   <div class='ocr_carea' id='block_1_11' title="bbox 461 3956 1768 4434">
    <p class='ocr_par' dir='ltr' id='par_1_11' title="bbox 464 3956 1450 4030">
     <span class='ocr_line' id='line_1_34' title="bbox 464 3956 1450 4030; baseline -0.002 -18"><span class='ocrx_word' id='word_1_287' title='bbox 464 3960 493 4025; x_wconf 89' lang='lat' dir='ltr'><strong>l)</strong></span> <span class='ocrx_word' id='word_1_288' title='bbox 526 3956 948 4024; x_wconf 70' lang='lat' dir='ltr'><strong>ct.lnjnsver1›n⁷,at.inia</strong></span> <span class='ocrx_word' id='word_1_289' title='bbox 986 3956 1133 4010; x_wconf 69' lang='lat' dir='ltr'><strong>flumenin</strong></span> <span class='ocrx_word' id='word_1_290' title='bbox 1150 3957 1195 4010; x_wconf 77' lang='lat' dir='ltr'><strong>vic</strong></span> <span class='ocrx_word' id='word_1_291' title='bbox 1212 3957 1296 4012; x_wconf 76' lang='lat' dir='ltr'><strong>Thac.</strong></span> <span class='ocrx_word' id='word_1_292' title='bbox 1313 3960 1336 4028; x_wconf 64' lang='grc' dir='ltr'><strong>ξ.</strong></span> <span class='ocrx_word' id='word_1_293' title='bbox 1355 3959 1395 4013; x_wconf 66' lang='lat'><strong>20</strong></span> <span class='ocrx_word' id='word_1_294' title='bbox 1411 3979 1450 4030; x_wconf 78' lang='lat' dir='ltr'><strong>sq.</strong></span> 
     </span>
    </p>

    <p class='ocr_par' dir='ltr' id='par_1_12' title="bbox 463 4054 1007 4124">
     <span class='ocr_line' id='line_1_35' title="bbox 463 4054 1007 4124; baseline -0.007 -13"><span class='ocrx_word' id='word_1_295' title='bbox 463 4061 494 4124; x_wconf 57' lang='grc' dir='ltr'><strong>ἢ)</strong></span> <span class='ocrx_word' id='word_1_296' title='bbox 528 4060 604 4111; x_wconf 75' lang='lat' dir='ltr'><strong>Dion</strong></span> <span class='ocrx_word' id='word_1_297' title='bbox 621 4057 681 4109; x_wconf 79' lang='lat' dir='ltr'><strong>llal.</strong></span> <span class='ocrx_word' id='word_1_298' title='bbox 699 4058 733 4109; x_wconf 81' lang='lat' dir='ltr'><strong>de</strong></span> <span class='ocrx_word' id='word_1_299' title='bbox 748 4056 831 4108; x_wconf 79' lang='lat' dir='ltr'><strong>Thac.</strong></span> <span class='ocrx_word' id='word_1_300' title='bbox 845 4055 902 4124; x_wconf 76' lang='lat' dir='ltr'><strong>jad</strong></span> <span class='ocrx_word' id='word_1_301' title='bbox 921 4073 943 4110; x_wconf 86' lang='lat' dir='ltr'><strong>o.</strong></span> <span class='ocrx_word' id='word_1_302' title='bbox 962 4054 1007 4109; x_wconf 73' lang='lat' dir='ltr'><strong>ld.</strong></span> 
     </span>
    </p>

    <p class='ocr_par' dir='ltr' id='par_1_13' title="bbox 461 4156 1768 4324">
     <span class='ocr_line' id='line_1_36' title="bbox 464 4156 1768 4238; baseline 0.008 -27"><span class='ocrx_word' id='word_1_303' title='bbox 464 4160 499 4226; x_wconf 72' lang='lat' dir='ltr'><strong>a)</strong></span> <span class='ocrx_word' id='word_1_304' title='bbox 533 4160 574 4211; x_wconf 77' lang='lat' dir='ltr'><strong>(ll.</strong></span> <span class='ocrx_word' id='word_1_305' title='bbox 596 4157 716 4228; x_wconf 78' lang='lat' dir='ltr'><strong>Rmeger</strong></span> <span class='ocrx_word' id='word_1_306' title='bbox 732 4159 758 4209; x_wconf 90' lang='lat' dir='ltr'><strong>in</strong></span> <span class='ocrx_word' id='word_1_307' title='bbox 775 4158 852 4209; x_wconf 81' lang='lat' dir='ltr'><strong>Dion.</strong></span> <span class='ocrx_word' id='word_1_308' title='bbox 869 4156 1027 4229; x_wconf 66' lang='lat' dir='ltr'><strong>ilistoriogr.</strong></span> <span class='ocrx_word' id='word_1_309' title='bbox 1043 4175 1071 4228; x_wconf 80' lang='lat' dir='ltr'><strong>p.</strong></span> <span class='ocrx_word' id='word_1_310' title='bbox 1090 4157 1153 4212; x_wconf 72' lang='lat'><strong>102</strong></span> <span class='ocrx_word' id='word_1_311' title='bbox 1172 4157 1240 4212; x_wconf 74' lang='lat' dir='ltr'><strong>aot.</strong></span> <span class='ocrx_word' id='word_1_312' title='bbox 1257 4167 1284 4212; x_wconf 80' lang='lat' dir='ltr'><strong>et</strong></span> <span class='ocrx_word' id='word_1_313' title='bbox 1300 4164 1335 4214; x_wconf 73' lang='lat' dir='ltr'><strong>aa</strong></span> <span class='ocrx_word' id='word_1_314' title='bbox 1352 4162 1464 4217; x_wconf 70' lang='lat' dir='ltr'><strong>(iliatam</strong></span> <span class='ocrx_word' id='word_1_315' title='bbox 1482 4165 1553 4218; x_wconf 75' lang='lat' dir='ltr'><strong>Fert.</strong></span> <span class='ocrx_word' id='word_1_316' title='bbox 1572 4168 1640 4220; x_wconf 81' lang='lat' dir='ltr'><strong>llell.</strong></span> <span class='ocrx_word' id='word_1_317' title='bbox 1659 4189 1684 4238; x_wconf 87' lang='lat' dir='ltr'><strong>p.</strong></span> <span class='ocrx_word' id='word_1_318' title='bbox 1702 4170 1768 4225; x_wconf 73' lang='lat'><strong>5⁷5.</strong></span> 
     </span>
     <span class='ocr_line' id='line_1_37' title="bbox 461 4258 1311 4324; baseline -0.005 -13"><span class='ocrx_word' id='word_1_319' title='bbox 461 4258 496 4324; x_wconf 73' lang='grc'><strong>4)</strong></span> <span class='ocrx_word' id='word_1_320' title='bbox 531 4259 644 4310; x_wconf 78' lang='lat' dir='ltr'><strong>Clinton.</strong></span> <span class='ocrx_word' id='word_1_321' title='bbox 663 4259 682 4310; x_wconf 89' lang='lat' dir='ltr'><strong>l.</strong></span> <span class='ocrx_word' id='word_1_322' title='bbox 699 4260 718 4310; x_wconf 92' lang='lat' dir='ltr'><strong>l.</strong></span> <span class='ocrx_word' id='word_1_323' title='bbox 736 4258 785 4310; x_wconf 80' lang='lat' dir='ltr'><strong>sab</strong></span> <span class='ocrx_word' id='word_1_324' title='bbox 806 4258 856 4310; x_wconf 84' lang='lat' dir='ltr'><strong>hoc</strong></span> <span class='ocrx_word' id='word_1_325' title='bbox 877 4276 953 4311; x_wconf 79' lang='lat' dir='ltr'><strong>anno.</strong></span> <span class='ocrx_word' id='word_1_326' title='bbox 1306 4299 1311 4307; x_wconf 92' lang='lat'><strong>.</strong></span> 
     </span>
    </p>

    <p class='ocr_par' dir='ltr' id='par_1_14' title="bbox 462 4358 1369 4434">
     <span class='ocr_line' id='line_1_38' title="bbox 462 4358 1369 4434; baseline 0.002 -23"><span class='ocrx_word' id='word_1_327' title='bbox 462 4358 492 4427; x_wconf 80' lang='grc'><strong>6)</strong></span> <span class='ocrx_word' id='word_1_328' title='bbox 530 4359 619 4425; x_wconf 71' lang='grc' dir='ltr'><strong>Ηοῃιο</strong></span> <span class='ocrx_word' id='word_1_329' title='bbox 635 4359 669 4411; x_wconf 81' lang='lat' dir='ltr'><strong>de</strong></span> <span class='ocrx_word' id='word_1_330' title='bbox 685 4359 802 4410; x_wconf 76' lang='lat' dir='ltr'><strong>lontibus</strong></span> <span class='ocrx_word' id='word_1_331' title='bbox 819 4359 879 4410; x_wconf 77' lang='lat' dir='ltr'><strong>hiat.</strong></span> <span class='ocrx_word' id='word_1_332' title='bbox 900 4359 977 4410; x_wconf 84' lang='lat' dir='ltr'><strong>Diod.</strong></span> <span class='ocrx_word' id='word_1_333' title='bbox 999 4377 1025 4428; x_wconf 82' lang='lat' dir='ltr'><strong>p.</strong></span> <span class='ocrx_word' id='word_1_334' title='bbox 1044 4360 1187 4414; x_wconf 70' lang='lat' dir='ltr'><strong>Lilm&#39;l.</strong></span> <span class='ocrx_word' id='word_1_335' title='bbox 1205 4364 1232 4414; x_wconf 84' lang='lat' dir='ltr'><strong>ia</strong></span> <span class='ocrx_word' id='word_1_336' title='bbox 1250 4366 1290 4415; x_wconf 79' lang='lat' dir='ltr'><strong>ed.</strong></span> <span class='ocrx_word' id='word_1_337' title='bbox 1309 4366 1369 4434; x_wconf 83' lang='lat' dir='ltr'><strong>llip.</strong></span> 
     </span>
    </p>
   </div>
   <div class='ocr_carea' id='block_1_12' title="bbox 1334 4465 1375 4537">
    <p class='ocr_par' dir='ltr' id='par_1_15' title="bbox 1334 4465 1375 4537">
     <span class='ocr_line' id='line_1_39' title="bbox 1334 4465 1375 4537; baseline 0 -39"><span class='ocrx_word' id='word_1_338' title='bbox 1334 4465 1375 4537; x_wconf 73' lang='lat' dir='ltr'><strong>a·</strong></span> 
     </span>
    </p>
   </div>
   <div class='ocr_carea' id='block_1_13' title="bbox 0 0 2310 5782">
    <p class='ocr_par' dir='ltr' id='par_1_16' title="bbox 0 0 2310 5782">
     <span class='ocr_line' id='line_1_40' title="bbox 0 0 2310 5782; baseline 0 0"><span class='ocrx_word' id='word_1_339' title='bbox 0 0 2310 5782; x_wconf 95' lang='lat' dir='ltr'><strong> </strong></span> 
     </span>
    </p>
   </div>
  </div>
 </body>
</html>
