4612 5790
1028 644 1283 717 ..5-

344 840 345 844 ¹
474 845 708 919 democratiac
749 846 864 918 forma
905 860 940 918 et
979 844 1274 944 philosophorum
1317 844 1628 941 soplristarumque
1664 848 1843 941 doctrina,

473 947 534 1018 illa
561 952 650 1019 euim
679 950 829 1019 otiosam
855 952 1193 1034 πολυπραγμοσύνην
1220 958 1255 1019 et
1287 945 1400 1017 facilis
1437 945 1621 1042 laetaeque
1646 949 1738 1038 vitae
1766 964 1841 1019 stu·

472 1047 589 1141 dium,
641 1047 727 1118 haec
758 1048 972 1141 impietatem
1008 1047 1164 1138 induxit,
1218 1048 1276 1118 cui
1305 1044 1391 1115 nihil
1431 1047 1582 1144 amplius
1617 1059 1778 1120 sanctum
1796 1046 1842 1144 ⁸²).

357 1202 368 1247 ¹«
472 1148 567 1236 Quid
591 1151 736 1239 mirum,
774 1146 871 1243 quod
895 1145 1057 1217 meliores
1086 1146 1266 1237 nonnulli,
1310 1146 1478 1242 pristinae
1503 1147 1644 1217 virtutis
1669 1172 1842 1220 memores

328 3526 340 3551 ·
465 3501 615 3571 rectiora
641 3500 673 3571 ei
698 3497 885 3570 tradidisse
902 3492 957 3594 ⁷),
989 3499 1112 3596 utique
1139 3496 1310 3572 abhorret
1334 3497 1379 3570 ah
1407 3498 1484 3597 ejus
1510 3496 1659 3573 docendi
1683 3523 1722 3568 ra

472 1260 581 1343 atque
607 1259 768 1338 tenaces,
796 1246 838 1316 ad
860 1245 1041 1319 Socratem
1069 1272 1147 1318 sese
1171 1244 1416 1344 applicabant,
1443 1247 1628 1319 sanctioris
1652 1249 1744 1320 vitae
1770 1272 1842 1319 ma·

472 1349 648 1438 gistrum?
712 1349 742 1418 li
768 1373 880 1440 nuuc,
908 1362 1080 1442 quaeest
1108 1348 1214 1417 animi
1239 1345 1382 1417 humani
1407 1357 1553 1440 natura,
1581 1345 1841 1443 amplecteban-

472 1459 531 1517 tur
554 1449 645 1519 vitae
669 1449 864 1539 rationem,
898 1447 1093 1520 dissolutae
1120 1449 1179 1518 isti
1204 1463 1356 1544 prorsus
1383 1449 1601 1543 oppositam,
1638 1460 1677 1519 ut
1704 1448 1842 1519 Aristo·

419 1645 423 1653 ι
470 1545 598 1641 phanis
625 1546 744 1619 verbis
770 1562 850 1620 utar
867 1544 902 1646 5)

623 1643 908 1724 ἐλακωνομάνουν
929 1642 1075 1707 ἅπαντες
1095 1643 1274 1722 ἄνθρωποι
1293 1645 1375 1719 τότε,

606 1728 766 1806 ’ἐκόμων
790 1728 947 1803 ἐκείνων,
969 1723 1144 1804 ἐῤῥύπων,
1174 1726 1402 1803 ἐσωκράτουν,

623 1811 774 1875 σκυτάλι’
797 1811 955 1893 ἐφόρουν.

408 1948 412 1954 -
468 1896 836 1969 Marathonomachica
853 1896 1017 1986 indoles,
1065 1897 1241 1968 Laconica
1267 1894 1507 1967 et‘Socratica
1531 1896 1568 1963 in
1596 1919 1701 1964 unam
1728 1918 1839 1989 quan·

452 1994 549 2067 dam
579 2000 756 2088 coierunt,
810 2022 881 2095 qua
909 1993 1182 2092 Xenophontem
1210 2020 1357 2100 quoque
1388 1992 1565 2065 imbutum
1590 1995 1719 2086 luisse,
1773 1998 1841 2065 vita

467 2099 671 2195 scriptaque
707 2097 853 2191 docent,
905 2120 1109 2195 quanquam
1135 2097 1277 2192 pulchri
1304 2120 1432 2168 sensus
1458 2097 1526 2193 ipsi
1552 2096 1728 2187 ingenitus
1755 2095 1839 2167 elle·

449 2197 534 2289 cit,
577 2209 618 2269 ut
643 2223 803 2295 asperam
831 2201 1054 2272 severitatem
1081 2199 1185 2268 istam
1210 2206 1433 2293 temperaret.
1500 2195 1588 2267 Erat
1615 2208 1731 2266 autern
1758 2196 1839 2265 sinr-

467 2297 552 2393 plex
573 2296 701 2388 homo,
735 2300 938 2391 modestus,
971 2299 1177 2390 religiosus,
1213 2299 1335 2370 dexter
1360 2306 1396 2367 et
1420 2295 1600 2391 prudens,
1627 2293 1691 2365 scd
1717 2291 1761 2365 ad
1789 2298 1838 2363 vi-

467 2411 525 2468 tae
558 2398 714 2490 vulgaris
755 2402 896 2491 negotia
933 2400 1065 2489 magis,
1118 2423 1224 2495 qnam
1262 2400 1306 2468 ad
1346 2394 1551 2469 subtiliores
1591 2394 1840 2491 philosophiae

470 2498 694 2592 qrraestiones
723 2496 839 2570 factus
866 2511 903 2570 ct
928 2497 1129 2594 propensus
1144 2494 1193 2593 4).
1256 2498 1315 2570 Sic
1340 2497 1472 2571 sactum
1499 2509 1571 2589 cst,
1616 2508 1656 2569 ut
1683 2496 1838 2569 Socratis

469 2597 686 2690 diligentior,
713 2623 818 2696 quam
843 2598 1096 2691 intelligentior
1121 2596 1284 2670 evaderet
1310 2598 1516 2694 discipulus.
1570 2599 1732 2692 Namque
1761 2595 1838 2692 phi·

469 2697 666 2794 losophiam
692 2698 769 2796 ejus
797 2698 985 2792 moralem,
1033 2697 1087 2768 ad·
1103 2724 1209 2796 quarn
1231 2703 1383 2771 animum
1410 2725 1514 2773 suum
1541 2701 1719 2797 vitamque
1743 2722 1859 2770 com·.

467 2812 633 2892 poneret,
668 2799 717 2869 ita
744 2803 856 2896 cepit,
898 2812 939 2872 ut
966 2799 1147 2897 quomodo
1171 2800 1309 2873 Socrati
1336 2799 1489 2872 adscribi
1512 2802 1649 2895 possit,
1688 2823 1761 2869 non
1786 2798 1837 2868 t'a-

468 2900 534 2970 cile
561 2896 756 2997 perspicius
774 2898 820 2998 ὅ).
872 2902 978 2973 Certe
1005 2912 1186 2971 externam
1212 2901 1319 2971 medo
1348 2902 1501 2994 speciem
1527 2913 1563 2971 et
1591 2898 1740 2972 docendi
1765 2924 1836 2966 me-

467 2998 617 3072 thodum
643 3003 819 3096 percepit,
859 3002 896 3067 in
922 3000 1113 3091 sapientiae
1139 2999 1340 3068 Socraticae
1366 2999 1579 3092 penetralia,
1615 3022 1707 3093 qnae
1731 2998 1836 3068 Plato

465 3100 623 3169 initiatus
650 3098 755 3187 adiit,
790 3121 863 3168 non
889 3096 1075 3166 admissus.
1141 3097 1355 3192 »Descripsit
1380 3097 1563 3171 Socratem
1589 3095 1634 3167 ab
1661 3078 1836 3168 unhan-

467 3207 543 3267 tum
569 3207 689 3293 parte,
716 3219 828 3294 eaque
853 3197 1006 3290 primum
1032 3219 1072 3266 se
1090 3195 1262 3282 offerente
1286 3198 1351 3289 iis,
1380 3223 1473 3295 quos
1498 3199 1648 3271 maxime
1674 3196 1718 3267 ad
1746 3199 1836 3267 vitae

467 3299 608 3389 negotia
636 3306 762 3367 natura
793 3295 960 3368 formavit
972 3290 1038 3386 ⁰).«
1121 3296 1212 3367 Nam
1237 3293 1421 3371 Socratem
1453 3301 1592 3394 ipsum,
1645 3310 1834 3395 perspecto

468 3398 627 3494 simplice
654 3411 689 3469 et
718 3396 845 3495 jejuno
872 3395 1122 3493 Xenophontis
1152 3398 1312 3487 ingenio,
1370 3399 1535 3471 consulto
1562 3423 1635 3468 non
1669 3398 1772 3572 plqa
1800 3409 1835 3465 rt

1753 3523 1832 3585 one,

468 3717 769 3733 w.

503 3852 537 3915 2)
572 3851 613 3904 Cf.
633 3851 778 3918 lldtselrcr,
795 3851 929 3919 Aristoph.
947 3866 972 3899 u.
990 3852 1050 3902 scin·
1063 3851 1189 3903 Zertalter
1206 3870 1232 3920 p.
1250 3853 1289 3903 95
1306 3871 1362 3923 sqq.
1420 3845 1422 3849 Α

502 3954 535 4019 5)
570 3957 615 4004 Ar.
636 3950 707 4003 lm
727 3968 784 4019 sqq.

501 4054 537 4119 t)
571 4046 667 4114 Καλὸς
686 4047 827 4118 κάγαθός,
849 4053 883 4104 es.
906 4051 1049 4103 Dclhrr'rclt.
1066 4052 1084 4102 l.
1103 4053 1121 4103 l.
1139 4070 1166 4121 p.
1185 4052 1252 4121 leq.

500 4153 529 4216 t)
565 4151 864 4289 (dlffglchlllffsshlss
889 4151 956 4204 dher
973 4154 1024 4205 den
1040 4152 1138 4205 Werth
1160 4153 1206 4204 des
1224 4152 1297 4208 Socr.
1315 4156 1354 4206 uls
1373 4156 1563 4225 Philosophen,
1582 4160 1609 4211 in
1627 4157 1727 4210 Coum.
1748 4157 1828 4208 atcud.

501 4320 534 4386 a)
566 4319 654 4373 vnn·
679 4325 739 4370 aar
760 4319 874 4370 umens
897 4320 929 4371 v.
953 4321 985 4372 ο.
1009 4322 1038 4373 a
1062 4318 1157 4373 meno
1179 4323 1213 4373 re
1230 4324 1326 4393 pano.
1344 4323 1441 4377 norm
1457 4325 1484 4376 a
1503 4300 1738 4394 xenopnoaa'n
1753 4323 1829 4373 son.

570 4387 764 4440 commentariis
782 4389 881 4438 traditu
899 4406 925 4456 p.
944 4387 988 4439 28.
1540 4390 1543 4395 '

501 4489 531 4556 l)
565 4488 624 4539 lloc
646 4488 732 4539 voluit
755 4487 856 4557 Ansslns
877 4489 985 4554 qnidam
1014 4490 1042 4540 in
1058 4451 1215 4559 Edinlrnrgh
1232 4491 1336 4542 lteriew
1354 4492 1412 4543 Vol.
1430 4491 1475 4544 ll.
1493 4510 1520 4561 p.
1540 4489 1600 4543 542
1615 4507 1653 4559 sq.
1671 4493 1709 4544 sic
1728 4450 1829 4547 diceris:
1912 4530 1915 4536 ,

573 4557 620 4615 „A
636 4554 689 4606 terr
704 4571 772 4604 ram
796 4555 828 4604 ol
844 4555 984 4623 morulity,
1018 4558 1103 4608 ande
1127 4557 1179 4608 [ον
1196 4557 1228 4607 of
1249 4556 1293 4608 the
1316 4559 1435 4630 simplest
1454 4559 1584 4611 doctrines
1597 4560 1630 4609 or
1651 4563 1756 4614 naturul
1768 4564 1830 4615 reli·

571 4623 635 4693 gion
656 4636 726 4672 were
751 4621 854 4692 cnnqh
878 4620 923 4673 tor
951 4623 996 4675 the
1018 4625 1089 4694 qnod
1104 4639 1192 4695 young
1208 4641 1277 4674 man.
1311 4625 1368 4678 The
1386 4635 1477 4695 strong
1495 4632 1578 4686 neat,
1597 4627 1641 4680 the
1658 4627 1724 4681 hold
1739 4646 1829 4700 spren-
1876 4665 1877 4668 ,
