4612 5790
1244 430 1271 467 ι

1136 607 1392 681 ...Vl-

658 821 781 904 piisque
801 831 861 876 non
883 811 942 873 nisi
962 812 1044 892 aptis
1067 820 1099 873 et
1128 810 1292 873 luculentis
1322 826 1400 870 usus
1426 808 1516 893 e'st,·
1536 819 1569 871 et
1597 809 1735 872 sicsine
1764 808 1947 892 ambagibus

655 938 696 1000 ad
714 935 863 1014 judicium
885 929 925 990 de
949 946 1069 990 summa
1091 948 1124 989 re
1151 926 1313 988 ferendum
1337 928 1486 988 lectorem
1508 926 1658 1005 perduxit.
1680 964 1722 972 -
1742 962 1783 972 -
1846 925 1948 987 Etiam
1975 959 1982 968 -

655 1050 837 1130 compositio
853 1045 1076 1108 sententiarum
1097 1055 1129 1106 et
1151 1046 1296 1106 orationis
1314 1044 1397 1103 color
1417 1045 1526 1122 prioris
1546 1046 1813 1106 commentationis
1835 1051 1947 1104 aucto-

654 1187 718 1230 rem
740 1166 842 1247 magis
864 1161 1069 1223 exercitatum
1089 1162 1120 1222 in
1142 1160 1307 1223 scribendo
1333 1152 1550 1221 demonstrant.
1663 1177 1666 1183 ·

703 1288 756 1355 lta
784 1308 894 1379 quum
923 1279 1023 1352 Ordo
1052 1305 1166 1349 meam
1192 1279 1477 1348 dissertationem
1513 1282 1670 1372 praemio
1700 1281 1840 1373 dignam
1868 1303 1947 1348 cen·

570 1422 723 1508 suisset,
776 1419 927 1486 laetatus
966 1413 1109 1509 quidem
1139 1423 1358 1505 'magnopere
1386 1410 1539 1506 miliique
1573 1416 1771 1504 gratulatus
1799 1438 1877 1481 sum
1905 1411 1949 1479 de

568 1555 696 1646 insigni
718 1550 877 1649 judicum
905 1547 1141 1634 humanitate,
1184 1570 1305 1614 verum
1332 1569 1436 1635 aegre
1461 1556 1578 1615 tamen
1603 1547 1688 1635 tuli,
1728 1547 1826 1642 qued
1854 1571 1948 1616 eorn-

568 1687 834 1773 monterionem,
861 1682 906 1751 ad
935 1705 1041 1777 quam
1071 1676 1291 1749 scribendam
1324 1704 1451 1772 parurn
1477 1680 1538 1749 otii
1564 1680 1691 1749 afferre
1719 1681 1885 1768 licuerat,
1913 1679 1948 1744 in

567 1814 879 1915 publicum‘edere
906 1838 1062 1904 cogerer.
1142 1810 1212 1880 Sed
1249 1811 1327 1904 ipsa
1364 1811 1425 1878 illa
1450 1811 1648 1882 humanitas
1683 1816 1837 1883 animum
1866 1808 1948 1879 mihi

568 1964 604 2022 01
631 1975 730 2044 spem
755 1947 858 2034 lacit,
918 1945 1007 2011 alios
1037 1968 1182 2037 quoquc
1207 1943 1251 2011 (10
1278 1943 1505 2013 adolescente
1528 1946 1751 2040 judicaturos
1782 1971 1859 2017 esse
1886 1943 1946 2014 be·

568 2082 808 2168 nevolentius‚
851 2101 958 2173 quam
984 2078 1196 2170 scriptorem
1223 2099 1344 2145 severe
1372 2078 1618 2168 castigaturus.
1669 2081 1736 2147 Est
1762 2090 1879 2146 autem
1904 2077 1947 2143 il-

568 2216 629 2285 lud
658 2222 903 2306 argumentum
937 2221 972 2281 ct
998 2209 1145 2280 antehac
1180 2234 1200 2277 a
1227 2210 1313 2277 viris
1350 2210 1562 2280 doctissimis
1595 2213 1765 2304 agitatum
1791 2222 1827 2280 et
1853 2220 1947 2277 nunc

566 2352 684 2445 ipsum
712 2348 768 2415 vel
795 2345 990 2415 studiosius
1016 2347 1188 2436 agitatur3
1228 2354 1438 2441 tantumque
1465 2344 1584 2436 abest,
1611 2356 1652 2415 ut
1679 2371 1756 2415 mea
1783 2344 1945 2440 scriptio·

566 2505 709 2551 nerem
735 2478 947 2574 profligasse
974 2481 1118 2573 opiner,
1145 2488 1186 2547 ut
1213 2489 1400 2548 contentus
1429 2481 1514 2569 sim,
1546 2481 1576 2549 si
1602 2479 1779 2550 doctiores
1809 2504 1865 2548 mc
1893 2486 1945 2545 at·

568 2638 639 2710 que
659 2589 868 2704 ’sagaciores
903 2636 976 2679 uon
1014 2611 1110 2678 omni
1149 2608 1246 2677 illam
1281 2611 1400 2678 fructu
1437 2622 1472 2678 et
1511 2614 1642 2680 semine
1675 2637 1795 2680 carere
1826 2612 1946 2680 existi·

566 2757 674 2816 ment.
738 2745 780 2815 ln
806 2741 1061 2815 conscribenda
1086 2742 1334 2814 dissertatione
1360 2743 1583 2813 veliementer
1610 2744 1735 2834 doleo,
1772 2743 1868 2839 quod
1894 2745 1947 2813 uti

566 2877 724 2951 nondum
751 2876 880 2960 licebat
907 2876 1080 2968 liruegeri
1108 2873 1177 2972 (iux
1229 2875 1704 2972 historiseh·pl1ilologische
1727 2877 1879 2951 Studien
1910 2907 1946 2975 p.

457 2988 460 2993 ⁴
567 3007 671 3108 254.)
709 3024 743 3081 01
771 3010 868 3082 Petri
895 3009 1166 3107 (Commentatio
1200 3013 1275 3080 erit.
1305 3011 1349 3081 de
1376 3013 1468 3082 ch.
1497 3010 1608 3108 nell.)
1643 3014 1944 3109 commentationi-

567 3142 637 3212 bus
661 3136 862 3234 nupeirime
891 3142 1010 3229 editis3
1045 3140 1093 3206 nil
1119 3145 1220 3230 potui
1247 3146 1313 3209 nisi
1338 3148 1375 3209 in
1398 3146 1624 3214 retractando
1651 3146 1774 3218 libello
1800 3148 1945 3217 laudare

569 3297 630 3345 eos
657 3271 714 3343 laic
739 3271 831 3362 illic,
858 3295 967 3366 quum
994 3270 1087 3360 digni
1112 3261 1280 3360 luissent,
1318 3274 1380 3367 qui
1407 3298 1494 3368 prae
1521 3277 1646 3346 ceteris
1673 3282 1943 3370 respicerentur.

655 3503 754 3567 Scrib.
776 3504 807 3566 in
829 3503 1031 3586 Paedagogio
1055 3501 1275 3567 llleldensi
1300 3503 1367 3569 Cal.
1391 3508 1480 3591 Sept.
1504 3507 1597 3573 1837.
1630 3583 1637 3593 .

1958 3456 1983 3528 l
