4612 5790
1088 594 1346 668 ..54-

536 797 601 896 5.).
645 772 748 874 ¹Tum
773 799 912 870 silentio
937 786 1415 898 praetermittit,‹'1uommto
1440 800 1570 874 laetum
1596 807 1662 896 sit,
1696 820 1737 880 ut
1759 811 1902 898 triginta

535 903 602 971 viri
629 902 861 993 eligerentur,
912 898 1062 970 ridicule
1087 924 1173 972 sane
1200 912 1255 972 est
1283 899 1459 993 brevitas,
1496 928 1567 999 qua
1591 906 1704 976 utitur
1730 906 1784 1004 (T,
1809 905 1850 1000 5,
1878 904 1900 978 1

536 999 608 1166 a>
625 999 1170 1191 tt‘ttatffalttt
1186 996 1263 1185 a·
1320 1002 1444 1183 em
1457 1007 1671 1169 ealle:
1689 1009 1904 1173 actm

536 1120 623 1286 cio?
666 1220 737 1292 qua
761 1191 851 1262 illud
866 1147 1015 1290 'populo
1042 1145 1268 1291 pladueiit:
1291 1221 1398 1294 quam
1424 1196 1549 1269 callide
1574 1209 1610 1269 et
1637 1199 1808 1272 violenter
1832 1202 1906 1298 L,-

535 1294 664 1366 sandcr
691 1304 727 1370 et
753 1293 992 1366 Theramenes
1016 1321 1093 1367 rem
1118 1295 1338 1392 peregerint,
1382 1296 1440 1365 alii
1468 1299 1662 1395 scriptores
1690 1299 1794 1371 nohis
1822 1325 1905 1396 ape·

534 1396 631 1468 riunt
649 1392 693 1494 ¹).
759 1396 1072 1466 verumenimvero
1099 1393 1194 1465 haud
1221 1394 1328 1469 dubie
1355 1398 1464 1467 tacuit
1491 1399 1716 1497 Xenophon,
1767 1425 1813 1473 ne
1835 1400 1907 1472 lae·

536 1494 637 1568 deret
663 1520 765 1588 reges
792 1493 1012 1590 Spartanos,
1067 1497 1201 1591 quippe
1234 1506 1382 1565 tantam.
1400 1496 1563 1592 injuriam
1589 1525 1609 1568 a
1637 1526 1783 1573 suorum
1818 1527 1908 1599 quo·

561 1620 628 1666 tam
655 1597 785 1666 amicae
809 1593 890 1663 urbi
916 1596 1050 1666 illatam
1077 1597 1263 1666 memorari
1290 1620 1393 1688 aegre
1420 1596 1574 1690 laturos3
1609 1602 1793 1695 scripserit
1817 1602 1909 1672 enim

534 1622 622 1769 iiaee
646 1692 851 1792 Xenophon
876 1707 961 1791 post
988 1720 1118 1766 annum
1144 1692 1231 1766 569.
1258 1693 1317 1791 (cl'.
1345 1721 1453 1792 supra
1478 1696 1523 1795 §a
1539 1696 1603 1796 6.).
1676 1703 1719 1771 1η
1742 1701 1819 1796 ipsa
1845 1724 1908 1770 au·

536 1808 607 1869 tem
632 1798 775 1890 triginta
800 1797 966 1866 virorum·
984 1794 1132 1867 historia
1158 1792 1211 1892 (2,
1234 1792 1273 1887 5,
1294 1792 1347 1866 11-
1358 1794 1457 1893 sqq.)
1484 1797 1570 1869 nihil
1593 1800 1668 1871 fere
1694 1811 1769 1892 est,
1807 1799 1909 1896 quod

535 1896 715 1968 desideres
742 1895 836 1990 apud
859 1895 1143 1990 Xenophontem.
1195 1896 1319 1967 Vivida
1345 1908 1381 1967 et
1409 1898 1606 1971 loculenter
1631 1911 1770 1992 narrat,
1810 1902 1908 1994 inge·

536 1998 594 2066 nia
620 1995 770 2066 maxime
793 1994 923 2069 Critiae
956 2006 991 2066 ct
1017 1994 1246 2066 Theramenis
1283 1995 1374 2067 bene
1409 1999 1541 2093 pingit,
1593 1999 1809 2095 reipublicae
1834 2012 1906 2072 sta·

536 2107 614 2168 tum
638 2120 721 2166 vere
746 2093 924 2165 describit.
986 2096 1042 2164 Ea·
1063 2096 1170 2186 igitur
1194 2118 1253 2165 res
1280 2098 1432 2166 animum
1458 2098 1571 2192 ipsius
1599 2103 1757 2194 apprime
1784 2100 1908 2172 adver-

535 2198 619 2269 terit
643 2205 799 2292 oportet.
849 2196 896 2265 Et
922 2219 1007 2265 sane
1031 2195 1125 2288 lata,
1158 2219 1275 2266 mores
1302 2206 1409 2291 atquc
1436 2198 1573 2289 ingenia
1597 2198 1818 2289 singulorum
1843 2198 1907 2270 ho·

536 2298 668 2370 minum
696 2293 919 2392 quorundam
942 2295 992 2365 ibi
1018 2322 1125 2394 quam
1149 2296 1299 2367 maxime
1320 2294 1545 2389 eminebant,
1566 2323 1712 2394 eamque
1738 2298 1908 2393 prolixio-

536 2399 586 2468 ris
612 2397 825 2466 narrationis
844 2396 994 2467 'cansam
1027 2423 1106 2468 esse
1133 2398 1280 2492 opinor,
1328 2395 1460 2470 idcirco
1493 2409 1565 2468 tam
1598 2411 1761 2470 accurate
1788 2411 1909 2470 narrat

536 2508 687 2569 mortem
716 2494 962 2587 Theramenis,
1014 2499 1147 2591 quippe
1172 2497 1276 2594 eujus
1304 2497 1538 2570 constantiam
1569 2498 1761 2571 admiretur
1785 2496 1846 2596 (ct.
1870 2496 1909 2591 T,

536 2594 577 2687 5,
593 2593 682 2691 56..)
734 2596 815 2681 Quo
841 2594 946 2662 simul
971 2595 1124 2684 accedit,
1151 2597 1249 2690 quod
1277 2596 1500 2690 Xenophon,
1527 2601 1588 2695 qui
1615 2598 1771 2696 alioquin
1795 2625 1912 2696 aequo

537 2697 653 2764 animo
680 2693 831 2786 patriam
858 2691 1114 2760 calamitatibus
1136 2691 1301 2763 obrutam
1327 2697 1519 2788 conspicit,
1553 2696 1675 2768 hocin
1701 2701 1781 2772 loco
1809 2726 1910 2794 aper·

537 2805 573 2866 te
609 2791 850 2884 indignatione
882 2803 1144 2884 commovetur,
1198 2803 1274 2863 erat
1306 2793 1396 2862 enim
1429 2803 1569 2890 tempus
1602 2808 1707 2867 atrox
1743 2798 1911 2888 gravibus

539 2893 699 2984 ensibus,
750 2892 895 2989 plenum
928 2890 1124 2962 formidinis
1158 2891 1377 2988 terrorisque
1403 2888 1559 2991 (Sicvers
1584 2921 1620 2990 p.
1645 2893 1735 2993 aa).
1812 2897 1911 2967 Nihi-

539 2995 692 3066 lominus
719 3003 813 3064 tacet
838 3017 1002 3088 asperum
1027 2991 1385 3066 Lacedaemoniorum
1412 2993 1583 3086 edietum,
1610 3008 1651 3066 ut
1676 3022 1721 3069 ne
1747 2999 1803 3068 eui
1829 2996 1911 3069 lice·

458 3142 461 3146 ·
539 3106 595 3168 ret
621 3093 745 3164 exules
771 3091 1037 3162 Atheniensium
1063 3095 1241 3188 recipere,
1283 3082 1359 3164 hisi
1384 3094 1494 3166 vellet
1525 3096 1678 3169 foederis
1705 3098 1802 3192 rupti
1827 3122 1909 3169 rens

540 3219 641 3286 esse,
691 3191 773 3260 illos
801 3201 919 3260 autem
944 3189 1181 3286 undequaque
1205 3193 1284 3285 rapi
1309 3218 1438 3285 posse,
1472 3197 1570 3290 quod
1598 3199 1660 3293 qui
1684 3195 1910 3293 prohibeant,

409 3386 412 3393 Ι
541 3295 701 3392 quinque
727 3289 941 3362 talentorum
970 3314 1100 3360 noxam
1123 3287 1402 3388 contraheret),
1452 3291 1488 3362 id
1514 3296 1611 3390 quod
1643 3321 1716 3368 non
1749 3298 1910 3371 rotomi.

540 3396 665 3467 dantes
697 3392 821 3483 Argivi
852 3401 888 3462 et
921 3387 1083 3462 Thebani
1114 3391 1285 3484 fugitivos
1323 3388 1496 3463 benevole
1529 3408 1755 3491 exceperunt.
1830 3399 1911 3470 Hoc

542 3507 660 3568 autem
688 3494 819 3590 optime
840 3491 1075 3582 declarasset,
1109 3491 1195 3588 quid
1221 3502 1297 3561 tum
1319 3491 1586 3566 Lacedaemonii
1612 3495 1841 3589 molirentur,
1874 3511 1910 3571 ct

543 3621 698 3695 quonam
724 3618 808 3686 erga
834 3616 896 3664 eos
923 3593 1037 3661 animo
1063 3589 1122 3661 alii
1148 3592 1272 3663 Graeci
1296 3604 1425 3664 essent.

645 3695 809 3788 Triginta
834 3693 901 3762 viri
955 3716 1036 3760 uum
1054 3691 1222 3763 Eleusina
1249 3694 1525 3786 concessissent,
1558 3694 1617 3766 alii
1643 3694 1765 3770 decem
1789 3698 1826 3769 iu
1851 3725 1910 3772 eo·

543 3823 623 3869 rum
649 3795 769 3865 locum
794 3718 1081 3882 sufficiebantnr,
1125 3817 1231 3890 quam
1258 3819 1332 3865 rem
1358 3793 1480 3867 codem
1505 3795 1582 3867 fere
1606 3798 1753 3870 exordio
1777 3798 1912 3871 inducit

544 3893 765 3991 Xenophon,
792 3903 900 3990 atque
927 3904 1030 3963 antea
1054 3892 1197 3964 illorum
1223 3896 1512 3968 constitutionem
1539 3891 1593 3991 (2,
1619 3895 1659 3989 d,
1684 3894 1746 3967 25.
1772 3923 1781 3966 ε
1834 3900 1911 3979 ἔφη.

545 3994 708 4078 placuero,
753 3989 898 4057 ἐκείνους
917 3989 978 4069 μὲν
996 3994 1237 4073 καταπαῦσαι,
1280 3991 1411 4058 ἄλλους
1431 3990 1469 4057 δὲ
1492 3991 1637 4058 ἑλέσθαι.
1693 3994 1750 4056 Κα
1784 3992 1910 4071 ritorto
1972 4043 1975 4048 -

550 4204 853 4233 -υ-ο--ο-ι-ῳδ-σ-υ-σ-ι-

582 4367 610 4429 1)
644 4366 703 4430 Lyn.
720 4364 747 4414 in
767 4361 898 4414 sara-u.
923 4380 950 4430 p.
970 4359 1035 4413 428.
1071 4363 1141 4413 Plut.
1159 4363 1219 4429 Lyn.
1237 4379 1260 4414 e·
1276 4360 1320 4413 16.
1353 4361 1432 4414 nisu.
1450 4361 1497 4426 11,
1515 4361 1543 4413 5.
1587 4366 1622 4416 et'.
1640 4363 1741 4417 sareu
1763 4381 1789 4434 p.
1811 4364 1852 4421 16
1870 4381 1909 4435 sq.

649 4434 755 4499 unm,
772 4430 868 4498 Sparta
884 4428 958 4496 M,
979 4429 1016 4480 ld
1034 4447 1073 4498 sq.
1100 4429 1154 4481 Sed
1174 4431 1209 4481 cf.
1226 4431 1304 4482 Peter
1319 4430 1339 4483 l.
1355 4431 1374 4481 l.
1399 4449 1425 4499 p.
1444 4428 1481 4481 41
1500 4448 1556 4498 sqq.

581 4532 611 4596 2)
645 4532 724 4652 gius.
750 4529 801 4592 11,
817 4528 846 4582 6.
882 4530 951 4582 etat.
973 4530 1063 4598 Lpsias
1082 4528 1127 4580 2⁷.
1164 4529 1255 4599 Pelop·
1276 4528 1305 4583 6.
1339 4531 1464 4595 lliuureh.
1491 4530 1518 4583 itt
1536 4530 1667 4584 nanoett.
1692 4533 1714 4602 5.
1735 4531 1780 4584 96.
1814 4531 1909 4586 lustin.
