4612 5790
1330 883 1379 895 ..„
1432 810 1578 910 ιε’,

775 1065 851 1124 rate
876 1057 996 1131 narrat
1020 1044 1136 1117 scelus
1164 1040 1278 1131 istud,
1330 1063 1394 1110 sex
1427 1041 1679 1134 imperatorum
1704 1040 1924 1116 damnatione
1950 1041 1996 1113 ab
2023 1041 2132 1113 Athe·

686 1160 691 1165 '
774 1148 957 1222 niensibus
982 1145 1224 1230 commissum,
1272 1137 1373 1236 cujus
1398 1163 1460 1210 eos
1487 1150 1613 1235 postea
1638 1166 1712 1212 non
1736 1143 1850 1213 minus
1877 1166 1983 1240 quam
2008 1140 2133 1214 Socru-

775 1252 864 1322 ticae
888 1248 939 1317 rei
963 1246 1179 1341 poeniteret,
1216 1239 1285 1327 hoc
1312 1240 1454 1335 quidem
1479 1262 1500 1307 a
1527 1240 1765 1410 Xcsshonte
1790 1257 1871 1314 ante
1893 1240 2019 1314 foedus
2045 1240 2134 1312 illud

775 1350 944 1444 seriptum
974 1368 1053 1417 esse
1077 1341 1254 1436 conjicias.
1314 1337 1439 1434 ltaque
1464 1360 1556 1408 anno
1662 1389 1691 1432 .,
1744 1340 1826 1414 licet
1851 1341 1896 1412 ab
1922 1341 2018 1413 Eleis
2045 1338 2133 1411 Scil-

774 1448 892 1537 lunte,
919 1443 980 1518 ubi
1007 1467 1028 1513 a
1053 1443 1156 1532 Iliog.
1181 1439 1299 1508 Laert.
1313 1432 1349 1532 ὅ)
1377 1437 1440 1502 τὰς
1459 1439 1609 1517 ἱστορίας
1631 1438 1823 1512 confecisse
1847 1442 1994 1532 dicitur,
2030 1440 2133 1532 suga·

712 1627 717 1636 .
774 1557 893 1634 retur,
947 1555 1063 1614 tamen
1089 1551 1125 1611 et
1150 1537 1279 1631 Leprei
1304 1544 1342 1605 et
1370 1533 1536 1614 Corinthi
1554 1538 1591 1606 in
1619 1564 1726 1634 opere
1757 1538 1944 1611 scribendo
1972 1540 2135 1635 perstitit

775 1645 835 1715 Sic
862 1645 954 1715 cirea
979 1667 1010 1712 a.
1035 1635 1123 1711 558.
1148 1632 1384 1731 componebat
1407 1631 1539 1705 lihrum
1566 1649 1722 1728 sextum,
1775 1638 1811 1709 id
1836 1637 1934 1733 quod
1960 1663 2004 1709 ex
2031 1636 2137 1707 caede

775 1741 969 1814 Alexandri
993 1737 1142 1810 Pheraei
1167 1744 1307 1804 narrata
1331 1734 1451 1828 prodit
1479 1733 1598 1904 (οὸίέ5.
1624 1734 1699 1833 5.),
1725 1747 1761 1809 et
1786 1738 1937 1833 septimo
1963 1736 2023 1805 vix
2050 1734 2135 1807 seri·
2186 1782 2196 1789 -

775 1852 840 1937 pto
868 1853 1028 1911 mortuus
1055 1862 1133 1910 esse
1158 1833 1297 1905 videtur
1322 1834 1414 1904 cirea
1439 1855 1470 1902 a.
1540 1832 1604 1928 '.,
1648 1848 1688 1906 nt
1714 1839 1905 1929 nonaginta
1931 1859 2065 1926 annos,
2116 1858 2136 1900 a

775 1940 932 2009 Lariano
958 1938 1026 2031 ipsi
1050 1935 1223 2021 tributos,
1271 1932 1439 2025 expleret.
1507 1935 1587 2003 lloc
1612 1935 1717 2006 modo
1744 1937 1968 2032 componitur
1992 1957 2156 2035 quoque,
2219 1940 2222 1944 ’

775 2036 818 2107 lis
850 2037 895 2107 de
927 2036 1083 2106 encomio
1107 2030 1262 2125 Agesilai
1289 2053 1310 2097 a
1336 2028 1588 2104 Valckenaerio
1622 2034 1781 2125 excitata
1854 2037 1891 2105 ls
1927 2037 2018 2105 enim
2042 2034 2133 2122 loce,

776 2160 867 2234 quae
894 2137 929 2205 in
945 2136 1037 2204 Hist.
1061 2135 1121 2203 Gr.
1147 2141 1183 2202 et
1208 2129 1366 2201 encomio
1383 2129 1538 2222 Agesilai
1565 2131 1609 2202 ad
1633 2130 1781 2203 verbum
1805 2132 1880 2204 lere
1901 2132 2023 2203 eadem
2048 2133 2134 2221 sint,

776 2235 822 2305 ab
847 2233 958 2305 aliena
984 2257 1091 2303 manu
1117 2256 1161 2303 ex
1185 2228 1246 2299 illa
1272 2228 1309 2296 in
1333 2227 1402 2300 hoc
1427 2232 1660 2327 transscripta
1685 2254 1763 2302 esse
1789 2243 1966 2323 autumat,
2010 2231 2134 2301 Weis-

774 2334 832 2406 kio
847 2328 885 2422 ⁴)
917 2334 1131 2403 contrarium
1166 2326 1408 2402 contendente.
1485 2330 1576 2402 Nam
1607 2344 1717 2428 quum
1750 2332 1946 2403 encomium
1978 2329 2136 2423 Agesilai

774 2443 860 2529 post
882 2431 988 2529 hujus
1012 2442 1162 2504 mortem
1191 2433 1237 2518 (a.
1263 2423 1369 2525 560.)
1394 2431 1526 2503 recenti
1539 2443 1645 2504 certe
1677 2431 1742 2501 viri
1767 2431 1934 2502 memoria
1961 2430 2136 2525 composi-

774 2544 850 2604 tum
884 2534 950 2621 sit,
1003 2530 1156 2626 plurima
1195 2529 1273 2598 loca
1305 2551 1350 2595 ex
1380 2528 1570 2601 Hellenieis
1601 2533 1637 2601 in
1670 2530 1759 2602 illud
1792 2531 1938 2603 fluxisse
1973 2540 2135 2627 apparet,

775 2630 1037 2798 ,pppmqna
1062 2618 2136 2824 ttat'tfdffltt‘ltdtlalbttt'tttlt'‘tt‘

774 2824 941 2921 nophon,
992 2822 1173 2894 materiam
1204 2819 1372 2892 historiae
1398 2820 1607 2896 scribendae
1637 2823 1722 2896 exul
1747 2824 1908 2916 collegit,
1963 2824 2133 2897 liberatus

775 2925 881 2998 exilio
906 2922 1091 2993 maximam
1116 2932 1253 3018 purtem
1281 2920 1455 3014 exaravit,
1508 2923 1613 2995 simul
1644 2949 1729 2996 vero
1760 2923 1926 3017 colligere
1954 2927 2133 2998 materiam

773 3023 946 3123 perrexit,
981 3047 1063 3094 nam
1079 3031 1232 3112 certum,
1258 3044 1331 3117 quo
1356 3020 1474 3096 liniret
1496 3022 1697 3116 historiam,
1721 3023 1905 3095 terminum
1932 3049 2135 3122 proponere

774 3123 842 3195 sihi
867 3147 940 3193 non
963 3124 1124 3214 potuisse
1143 3118 1444 3213 Xenophontem,
1491 3136 1592 3197 'recte
1615 3135 1737 3196 monet
1762 3120 1952 3196 Ilelhriielt.
1985 3151 2021 3221 p.
2048 3121 2132 3198 110.

774 3225 871 3317 Apte
895 3229 1010 3290 autem
1036 3219 1073 3286 in
1098 3214 1237 3314 proelio
1259 3217 1472 3288 Mantinensi
1497 3220 1702 3293 substitisse
1722 3221 1935 3318 judicandus
1961 3236 2034 3319 est,
2061 3225 2128 3296 sic·
2230 3275 2233 3281 -

775 3333 816 3391 nt
837 3319 1071 3391 Anaximenes
1096 3317 1359 3412 Lampsacenus
1384 3315 1504 3407 (Diod.
1532 3315 1593 3412 15,
1617 3315 1680 3394 89.
1708 3318 1753 3392 efl
1778 3317 1928 3418 5.10.).

1348 3612 1509 3718 ’ga

1259 3778 1300 3830 De
1320 3782 1437 3835 tonditur
1456 3784 1645 3856 Xenophontis.
1722 3742 1724 3746 ⁴

875 3952 1084 4044 Quaeritur,
1120 3947 1250 4050 quihus
1278 3950 1438 4025 fontibus
1470 3951 1628 4027 hauserit
1655 3953 1865 4054 Xenophon.
1940 3954 2130 4029 Postremo

773 4050 861 4126 belli
885 4051 1010 4150 Pelop.
1035 4065 1196 4150 tempore
1216 4062 1252 4124 et
1275 4053 1436 4149 proxime
1460 4055 1667 4154 insequente
1693 4057 1841 4129 Athenis
1866 4066 2046 4149 versatus,
2074 4080 2129 4128 re·

773 4153 843 4226 hus
868 4155 906 4225 in
923 4156 1009 4226 Asia
1033 4155 1124 4227 intra
1151 4177 1262 4224 annos
1287 4149 1504 4227 101-591.
1530 4155 1639 4249 gestis
1664 4155 1742 4254 ipse
1757 4158 1943 4251 interluit3
1968 4158 2003 4226 in
2021 4159 2130 4229 Grae·

775 4255 861 4327 riam
898 4279 977 4328 cum
1000 4254 1166 4348 Agesilao
1198 4276 1362 4326 reversus
1398 4278 1661 4355 nonnumquam
1696 4258 1836 4332 videtur
1867 4255 2130 4352 expeditionum

774 4354 820 4428 ab
848 4379 911 4447 eo,
956 4381 990 4431 v.
1016 4380 1046 4428 c.
1070 4354 1108 4426 in
1132 4352 1229 4429 hello
1254 4352 1437 4428 Corinthio
1463 4356 1636 4431 factarum
1659 4359 1839 4456 particeps
1863 4359 1975 4430 fuisse
1999 4355 2062 4454 (ci.
2089 4353 2125 4452 5.

759 4717 769 4728 ‘
805 4702 839 4768 5)
871 4702 967 4766 280.
1093 4740 1103 4755 .

768 4836 774 4849 .
806 4800 841 4871 4)
873 4802 939 4856 Xer.
957 4801 1061 4874 Scripta
1079 4804 1140 4860 rot
1154 4806 1199 4859 IV.
1223 4824 1251 4877 p.
1271 4805 1336 4861 tu.
1448 4830 1452 4836 ·
