4612 5790
645 705 649 712 .
778 634 781 639 ’
901 603 1173 739 ,15-

441 864 672 970 Xenophon,⁸
685 867 842 939 exercitu
869 865 913 936 ad
932 865 1188 940 Thimbrouem
1215 868 1253 936 in
1268 869 1391 939 Asiam
1415 867 1568 942 deducto
1583 867 1647 967 Ι9),
1675 901 1729 946 re-

365 967 445 1058 bus,
472 993 565 1066 quae
580 966 630 1038 ibl
655 966 882 1064 gerebantur,
910 966 1083 1061 interfuit,
1109 983 1145 1041 et
1164 967 1264 1066 quod
1287 992 1448 1062 maguam
1473 972 1509 1039 in
1525 971 1602 1068 cjus
1623 972 1732 1046 vitam

364 1079 400 1138 et
420 1072 573 1141 animum
591 1070 661 1140 vim
676 1067 876 1157 exercebat,
899 1068 1118 1159 Agesilaum,
1142 1067 1366 1166 Dercyllidae
1389 1093 1420 1138 a.
1436 1066 1524 1142 596.
1540 1075 1731 1146 succeden-
1759 1110 1762 1154 ;

365 1179 454 1261 tem,
486 1171 654 1263 cognovit
679 1194 790 1265 seque
819 1177 935 1240 totum
963 1168 995 1238 ei
1020 1168 1126 1240 dedit.
1178 1171 1269 1240 Cum
1294 1169 1462 1262 Agesilao
1488 1172 1524 1243 ia
1551 1175 1733 1247 Graeciam

363 1271 545 1363 profectus
573 1267 619 1418 pa.
643 1267 749 1365 594.)
779 1268 862 1341 exul
888 1268 925 1335 iu
949 1291 1070 1363 pugna
1094 1268 1291 1342 Coronensi
1328 1271 1498 1365 pugnavit
1520 1273 1578 1345 vel
1609 1289 1734 1348 contra

365 1371 558 1466 populares
591 1367 637 1463 ὅ).
690 1373 770 1459 Quo
797 1369 894 1439 facto
919 1391 1031 1463 quum
1057 1368 1247 1462 Agesilaus
1274 1369 1438 1466 Spartam
1466 1372 1596 1445 rediret
1623 1375 1733 1472 (llell.

364 1468 443 1559 5,5
471 1496 501 1542 s.
527 1469 618 1568 sm),
646 1468 846 1567 Xenophon
872 1469 1081 1565 Scilluntem
1103 1469 1292 1560 Eleorum,
1320 1496 1437 1568 prope
1463 1473 1663 1573 Olympiam
1688 1479 1764 1547 si·“

365 1582 461 1662 tum,
503 1597 584 1644 cnm
609 1571 763 1643 Philesin
789 1596 901 1641 uxore
927 1582 963 1641 et
988 1568 1129 1642 duobus
1155 1571 1258 1663 liliis,
1292 1597 1385 1669 quos
1411 1573 1560 1649 Athenis
1588 1579 1733 1648 arcessi·

332 1704 337 1711 ¹
366 1673 460 1746 visse
485 1673 643 1764 videtur,
671 1672 835 1767 migravit
852 1666 928 1768 Μ),
955 1670 1170 1742 domicilium
1195 1669 1244 1740 ihi
1270 1673 1524 1747 collocaturus.
1577 1682 1734 1773 Accepe-

365 1783 421 1844 rat
446 1787 562 1859 autem
585 1774 730 1844 domum
756 1783 792 1844 et
818 1796 943 1863 agrum
968 1795 989 1838 a
1011 1770 1296 1840 Lacedaemoniis
1313 1768 1378 1867 ¹3).
1429 1774 1602 1867 Pecunia,
1630 1803 1736 1873 (paam

365 1872 562 1972 Megabpzo
588 1869 720 1969 Ephesi
746 1870 954 1957 servandam
987 1870 1197 1960 tradiderat,
1232 1884 1373 1969 recepta
1388 1868 1579 1970 ¹⁶),quum
1604 1879 1737 1949 Dianae

366 1972 537 2045 sacellum
562 1971 778 2064 dedicasset,
822 1971 900 2068 ipsc
927 1971 1001 2043 otio
1027 1970 1119 2062 lrui,
1160 1973 1357 2063 venationi,
1411 1974 1522 2046 literis
1550 1988 1585 2047 et
1616 1980 1736 2050 amicis

367 2095 491 2145 vacare
521 2075 637 2168 coepit
654 2069 714 2169 ¹⁷).
791 2073 867 2143 Nec
900 2069 1002 2142 facile
1035 2072 1330 2167 opportuniorem
1355 2072 1513 2148 historiis
1541 2077 1736 2150 scribendis

365 2172 483 2245 locum
509 2174 716 2264 invenisset,
761 2197 850 2244 uam
876 2182 1025 2267 propter
1050 2172 1237 2270 Olympiae
1264 2166 1476 2246 vicinitatem
1501 2175 1737 2275 undecunque

366 2299 408 2346 eo
434 2272 593 2346 homiues
620 2273 868 2346 coralluxerunt
881 2266 944 2370 18).
994 2272 1152 2364 Agesilai
1175 2273 1429 2345 consuetudine
1455 2272 1573 2373 urim)
1602 2291 1637 2349 et
1663 2279 1737 2350 l'or·

367 2387 464 2446 tasse
491 2372 775 2471 expeditionibus
801 2397 947 2468 quoque
975 2373 1069 2462 regis
1096 2372 1261 2467 Spartani
1286 2373 1457 2446 interesse
1484 2401 1738 2476 nonnunquam

367 2476 543 2569 perrexit,
576 2474 682 2545 luerit
710 2483 784 2541 tum
812 2475 848 2538 ἐν
869 2481 938 2538 τοῖς
959 2473 1036 2554 περὶ
1068 2477 1241 2554 δαμοσίαν
1252 2469 1326 2569 ⁹⁰),
1354 2476 1562 2570 interregis
1591 2483 1736 2552 comites

369 2586 405 2644 et
430 2572 739 2645 contubernales..
772 2572 818 2650 Et
843 2569 998 2661 Agesilai
1026 2595 1136 2640 suasu
1162 2572 1253 2643 lilios
1280 2599 1365 2645 suos
1393 2576 1558 2671 Spartam
1586 2581 1737 2663 educan-

368 2675 435 2745 dos
472 2675 567 2745 misit
580 2663 651 2770 ς1))
693 2670 805 2741 'simili
840 2668 946 2741 modo
980 2667 1140 2744 Phocion
1173 2672 1285 2754 filium
1311 2676 1595 2750 Lacedaemoniis
1625 2682 1737 2751 tradi-

371 2772 495 2869 ditffl).
552 2776 628 2846 Elei
655 2798 766 2869 quum
792 2795 831 2842 se
857 2767 1038 2841 Thebanis
1066 2771 1331 2868 adjunxissent,
1367 2777 1403 2844 in
1425 2777 1632 2852 Scilluntem
1658 2807 1739 2851 cum
1817 2779 1825 2801 ⁸

371 2877 526 2978 exercitu
560 2874 710 2973 proiecti
744 2871 928 2976 praedium
958 2870 1209 2967 Xenophontis
1244 2886 1385 2946 vastant
1401 2873 1466 2972 ⁹⁵).
1543 2880 1738 2949 Pausanias

389 3190 435 3253 ss)
470 3193 501 3244 a.
520 3156 601 3242 asos
613 3188 647 3238 u.
665 3184 786 3236 semera.
806 3183 842 3247 ,a
859 3182 929 3233 mn.
950 3182 980 3242 a,
1001 3181 1030 3243 s,
1047 3183 1073 3231 r.
1152 3198 1155 3205 ·

387 3291 437 3357 aa)
471 3291 541 3342 eras
562 3290 639 3358 aga.
657 3304 679 3336 ο.
699 3282 746 3334 ss.
808 3248 828 3285 ”

386 3392 438 3458 14)
473 3391 578 3460 {irriger
594 3388 628 3439 (le
644 3387 691 3437 rit.
712 3383 779 3435 Xeu.
796 3400 823 3454 p.
840 3381 885 3433 23.
905 3399 945 3451 sq.

308 3506 313 3519 ·
389 3493 436 3559 tt)
471 3491 511 3544 Gt
534 3491 613 3560 Diog.
632 3490 662 3540 1..
680 3487 698 3537 1.
714 3487 734 3538 l.
752 3486 830 3536 Pane.
849 3482 879 3546 h,
895 3480 924 3534 o.
959 3484 999 3534 lta
1017 3467 1140 3537 videnthr
1158 3491 1185 3538 et
1202 3482 1332 3537 honorare
1348 3486 1461 3538 voluisse
1478 3486 1693 3557 Xenophontem,
1714 3503 1740 3545 et

474 3559 604 3610 resarcire
631 3557 727 3606 (lamae
751 3569 765 3602 e
789 3551 866 3603 bonis
897 3552 1008 3603 lostam
1050 3551 1177 3604 ablicatis
1203 3554 1228 3604 ei
1253 3562 1332 3614 natu
1359 3553 1462 3606 solebat
1489 3557 1558 3608 enin
1582 3553 1659 3626 pugni
1681 3576 1741 3614 enm

477 3623 575 3695 dranis
590 3630 617 3675 et
634 3615 759 3690 δημεύσει
775 3618 913 3687 conjuncte
930 3635 986 3670 esse
1002 3569 1101 3687 (bleisa
1117 3621 1152 3672 cle
1167 3619 1230 3673 bon.
1248 3622 1335 3672 damu.
1356 3618 1521 3690 97-101.)

392 3727 441 3792 111)
475 3725 559 3781 Anah.
577 3722 614 3785 11,
638 3722 672 3785 ὅ,
694 3719 715 3774 6
737 3738 796 3789 sqq·
820 3718 865 3771 01.
887 3717 950 3784 97„
972 3727 1003 3771 ut
1025 3727 1098 3772 reete
1123 3721 1253 3774 Dodwell.
1277 3721 1386 3786 (Ausul.
1409 3722 1525 3792 Thucyd.
1542 3742 1570 3796 p.
1592 3721 1670 3788 33),
1694 3729 1740 3793 qui

476 3810 529 3862 quo
547 3796 653 3844 auctore
672 3789 869 3857 Xenophontem
908 3788 999 3840 cenni·
1015 3787 1064 3840 illa
1080 3790 1220 3858 praediun
1240 3791 1333 3842 subse
1351 3791 1440 3858 dicat,
1458 3793 1560 3863 ignoro.
1595 3792 1741 3864 Xenophon

477 3863 533 3930 ipse
550 3859 709 3911 eontrarium
728 3858 795 3907 dicit
813 3861 822 3916 ί
831 3857 849 3905 l.
866 3805 910 3921 1.).

311 3977 314 3981 ’
394 3964 440 4025 17)
475 3963 598 4013 Dinarch.
618 3979 661 4029 ap.
680 3961 758 4027 Diog.
774 3960 792 4008 1.
812 3960 830 4023 l,

398 4062 446 4130 18)
482 4062 524 4115 01.
542 4062 649 4119 Clintoa
666 4059 738 4112 Fut.
755 4058 827 4110 llell.
846 4059 887 4110 ed.
905 4046 989 4128 ttrag.
1007 4074 1034 4125 p.
1050 4055 1117 4110 151.

394 4161 443 4228 so)
478 4162 548 4214 Plnt
565 4163 643 4231 Aget·
661 4176 684 4212 e.
702 4157 753 4212 90.

391 4263 445 4328 w)
479 4263 550 4315 Hell.
568 4259 602 4323 ⁴,
622 4259 654 4322 11,
676 4259 703 4312 8.
736 4256 904 4321 Addet
920 4261 1004 4330 intpp.

394 4364 444 4430 91)
478 4363 548 4415 Plut-
564 4363 584 4415 l.
602 4363 620 4415 l.
637 4361 743 4415 llioeles
760 4378 803 4431 ap.
825 4360 904 4430 Diog·
923 4361 976 4412 11

396 4463 445 4528 22)
481 4465 551 4515 l’lut.
569 4464 650 4516 Phoe.
668 4480 691 4515 c.
709 4461 756 4530 91).

396 4563 450 4629 25)
479 4561 751 4683 311101)ῧέωᾶ
769 4564 908 4616 seeundum
927 4561 961 4613 0.
979 4563 1087 4615 blidleri
1106 4563 1163 4616 l'iri
1181 4561 1252 4616 ctu.
1271 4559 1397 4616 Orabam
1416 4581 1443 4632 p.
1463 4560 1541 4621 ὅπη
1560 4559 1607 4612 alii
1627 4566 1743 4612 statuant
