4584 5796
537 1710 1096 1815 Prolegomenn.

745 1918 800 1928 ...-
803 1917 897 1926 ..η-..-

766 2080 801 2178 g.
830 2079 862 2151 r.

656 2245 695 2295 De
712 2247 767 2298 vita
786 2246 974 2315 Xenophontis.
1104 2258 1106 2264 '

129 2478 365 2578 Priusquam
391 2483 427 2550 in
454 2483 531 2577 ipsa
557 2479 742 2551 llelleniea
768 2483 1005 2578 inquiramus,
1041 2485 1276 2553 necessarium
1303 2507 1381 2555 csse
1407 2486 1501 2557 vidc-

129 2594 191 2652 tur
224 2582 451 2677 praemittere
488 2583 701 2651 succinctam
739 2582 830 2652 vitae
862 2583 1061 2679 ingeniique
1094 2583 1343 2679 Xenophontis
1380 2587 1501 2656 adum-

128 2681 339 2753 brationem.
415 2682 553 2752 Etenim
585 2681 632 2750 ita
664 2691 802 2751 tantum
830 2707 940 2778 quum
963 2694 1039 2755 tota
1067 2686 1184 2777 operis
1214 2686 1303 2756 ratio
1330 2697 1501 2780 patescet,

129 2795 205 2854 tum
231 2781 392 2876 singulis,
418 2780 463 2855 de
485 2779 616 2880 quihus
634 2780 879 2854 disserendum
905 2783 984 2875 erit,
1008 2779 1117 2854 rehus
1142 2784 1270 2857 clarior
1295 2783 1358 2854 lux
1387 2786 1501 2856 aliun-

18 2912 23 2929 ¹
129 2884 243 2956 detur.

230 2981 432 3079 Xenophon
459 2980 709 3072 Atheniensis,
761 2980 877 3075 Grylli
908 2981 1024 3069 lilius,
1079 3005 1153 3075 quo
1188 3005 1281 3053 anno
1309 2993 1414 3052 natus
1443 2988 1502 3074 sit,

129 3110 203 3158 non
232 3093 330 3157 certo
359 3092 511 3153 constat.
565 3080 635 3149 Seu
664 3104 774 3175 quum
801 3077 933 3147 Strabo
963 3076 1042 3173 (IX.
1069 3104 1104 3172 p.
1125 3076 1232 3174 405)
1260 3106 1340 3152 eum
1361 3107 1503 3177 pugnae

131 3185 175 3253 ad
200 3184 340 3254 Delium
368 3179 441 3276 (01.
466 3175 530 3267 89,
560 3175 611 3273 l.)
636 3176 839 3245 interfuisse
865 3187 1036 3265 testetur,
1082 3188 1178 3247 recte
1210 3178 1292 3250 hinc
1312 3182 1450 3253 Corsini
1469 3179 1501 3278 ¹)

129 3282 287 3376 colligit,
328 3277 603 3372 Xenophontem
635 3287 721 3345 tunc
750 3275 962 3345 vicenarium
989 3275 1064 3346 iere
1100 3276 1211 3351 fuisse
1243 3292 1278 3350 et
1303 3292 1424 3352 natum
1450 3284 1500 3350 vi-

131 3383 206 3455 deri
232 3383 323 3452 eirca
350 3379 408 3450 Ol.
435 3374 498 3447 ill.
557 3377 648 3446 Nam
673 3374 922 3465 Mitiordium,
958 3374 1146 3445 Strabonis
1174 3382 1417 3450 arroteritatem
1446 3407 1500 3450 re·

126 3484 305 3581 jicieutem
322 3477 378 3576 q),
406 3478 538 3549 refutat
561 3476 703 3568 liriiger·
720 3471 777 3573 ⁵),
804 3477 866 3573 qui
893 3487 929 3548 et
949 3475 1045 3547 idem
1071 3476 1128 3546 (ll.
1143 3473 1208 3567 84,
1227 3475 1260 3546 2.
1289 3477 1411 3575 (445.)
1440 3507 1499 3551 na·

62 3630 69 3647 =
131 3597 205 3655 tum
230 3581 331 3653 illurn
359 3571 597 3673 existimem),
657 3578 713 3649 Ex
738 3577 905 3648 isocratis
932 3575 1054 3648 schola
1082 3602 1154 3647 non
1179 3577 1352 3673 prodiisse
1378 3581 1499 3652 Xeno-

129 3683 297 3782 phontem
312 3677 369 3776 ⁸),
415 3679 667 3770 certissimum3
718 3676 781 3749 ille
801 3678 893 3748 enim
919 3702 1012 3749 anno
1036 3674 1125 3749 456.
1152 3690 1256 3749 natus
1284 3678 1398 3751 multo
1425 3694 1501 3752 erat

125 3787 247 3882 junior
264 3779 511 3878 Xenophonte.
562 3780 613 3850 At
638 3778 738 3875 quod
763 3779 904 3850 maximi
928 3779 1096 3850 momenti
1122 3789 1217 3871 crat,
1239 3778 1313 3876 jam
1341 3778 1386 3849 uh
1415 3781 1499 3855 ado-

126 3980 430 3995 ,ιι-...Μ

168 4103 197 4167 i)
232 4100 304 4152 Fert.
327 4100 381 4151 Ati.
407 4099 454 4149 ΙΙΙ.
511 4134 517 4147 .
548 4095 613 4149 297.
640 4096 751 4149 Licebat
776 4094 915 4165 juvenibus
938 4096 1032 4149 Atticis
1057 4112 1073 4144 a
1098 4098 1221 4150 vicesimo
1251 4100 1355 4150 demum
1378 4115 1444 4149 enno
1472 4102 1499 4149 in

233 4168 305 4219 helle
328 4182 439 4236 peregre
457 4180 542 4232 exure,
560 4166 595 4216 ef.
621 4164 763 4218 Schneider
781 4165 815 4216 ad
833 4164 899 4215 Xen.
918 4162 987 4215 llell.
1005 4180 1032 4232 p.
1053 4163 1087 4213 X.

167 4270 197 4332 ἢ)
230 4270 298 4320 llist.
317 4267 363 4318 Gr.
383 4285 405 4319 c.
425 4264 471 4316 25.
489 4281 509 4317 s.
527 4262 555 4317 0.
575 4272 661 4317 annot.
680 4284 751 4337 supr.

168 4371 201 4436 5)
237 4370 357 4437 Quanti.
374 4369 409 4418 ‹le
426 4366 546 4437 Xenoph.
567 4368 613 4418 rit.
633 4385 660 4437 p.
682 4367 710 4420 6.
728 4384 768 4436 sq.

168 4469 201 4535 4)
237 4471 278 4523 Ci.
294 4474 433 4539 praeterea
453 4469 547 4538 Poppo
567 4468 655 4521 Praei.
673 4470 709 4521 ed
725 4466 808 4521 Δηώ.
830 4484 858 4538 p.
872 4465 954 4519 xvn.

181 4570 214 4637 o)
250 4570 325 4620 l‘hot.
345 4568 419 4620 sill.
439 4569 505 4629 sne.
521 4569 621 4621 CCLX.
645 4589 669 4639 p.
684 4568 753 4622 ⁷95.
776 4569 946 4620 eill'ichers
962 4568 1061 4638 Theop.
1079 4568 1159 4639 irgnr.
1177 4564 1260 4637 plo.
1296 4566 1367 4619 llaec
1383 4569 1500 4620 uenatio

244 4640 313 4689 hand
332 4636 413 4686 «lubic
434 4644 493 4687 orta
511 4645 549 4688 est
570 4656 601 4689 ex
617 4638 790 4689 similitudine
806 4637 918 4689 nominis
934 4636 1058 4693 Samso.

1014 4762 1024 4773 ’
1075 4734 1095 4807 1
