4612 5790
1106 669 1245 744 ..⁸ss
1312 713 1364 729 ..

451 953 458 974 .
552 900 621 973 qua
647 872 788 974 quidem
817 887 899 965 apta
926 874 1072 969 cuique,
1126 899 1190 947 nec
1217 901 1301 948 vcro
1328 859 1418 946 salsa
1445 887 1481 947 ct
1507 879 1703 973 perniciosa
1729 880 1919 976 praecepit.
2054 948 2063 955 .

550 979 636 1047 licat
663 985 779 1043 autem
804 972 1035 1071 Xenophonti
1068 998 1242 1047 summum
1268 974 1401 1048 bonum
1429 975 1513 1048 nihil
1539 978 1655 1071 aliud,
1706 1005 1814 1077 quam
1839 979 1918 1052 feli-

550 1079 637 1147 citas
664 1094 773 1168 opcra
798 1087 834 1148 ct
860 1074 984 1147 labore
1017 1086 1137 1171 parta,
1189 1075 1353 1148 omnibus
1387 1078 1598 1151 utilitatibus
1624 1081 1667 1150 ad
1693 1083 1802 1152 vitam
1829 1079 1921 1153 bene

549 1174 722 1277 beateque
754 1177 923 1270 agendam
949 1175 1234 1272 conspirantibus
1251 1172 1305 1275 ⁸);
1358 1178 1498 1270 singula
1533 1192 1650 1252 autem
1680 1179 1775 1254 bona
1807 1179 1921 1254 robur

551 1289 586 1346 ct
620 1274 812 1350 dexteritas
844 1278 1005 1375 eorporis
1041 1288 1077 1349 et
1114 1274 1209 1350 bonu
1244 1277 1431 1367 valetudo,
1482 1283 1657 1353 exercitiis
1692 1279 1927 1381 gymnasticis‘

551 1374 770 1474 quaerenda,
804 1383 930 1452 mentis
957 1377 1059 1470 vigor
1083 1375 1364 1473 facultatumque
1390 1379 1545 1463 omnium
1572 1384 1723 1472 sanitas,
1761 1381 1918 1479 discipli·
2040 1452 2042 1456 Α

551 1502 636 1565 rrae,
674 1479 766 1550 sicut
792 1476 1042 1577 philosophia,
1086 1475 1323 1565 arithmetica,
1364 1480 1576 1570 geometria,
1620 1485 1838 1554 astronomia
1860 1483 1919 1572 ab,

550 1591 663 1665 artes,
715 1581 883 1672 amicitia,
936 1601 1089 1675 prosper
1113 1577 1165 1647 rei
1196 1576 1374 1647 familiaris
1402 1589 1517 1661 status
1546 1590 1582 1650 et
1608 1583 1803 1678 propinqui
1828 1581 1920 1654 bene

549 1679 817 1774 convenientes,
868 1681 1019 1754 societas
1053 1676 1181 1766 civilis,
1235 1701 1306 1774 qua
1332 1676 1474 1749 sublata
1506 1679 1605 1751 nulla
1631 1692 1726 1752 esset
1759 1681 1919 1772 utilitatis

548 1784 741 1875 perceptio.
812 1781 883 1852 Sed
911 1791 952 1851 ut
973 1778 1122 1849 lelicitas
1147 1777 1209 1847 illa
1235 1778 1390 1867 irritatur,
1434 1781 1565 1852 virtute
1590 1806 1681 1877 opus
1708 1777 1835 1879 cstss),
1878 1778 1918 1876 l)

548 1885 797 1973 temperantia,
839 1879 881 1975 2)
907 1878 1137 1967 fortitudine,
1179 1873 1222 1971 5)
1244 1878 1405 1974 justitia,
1435 1905 1526 1977 quae
1551 1894 1691 1955 constat
1717 1884 1753 1952 in
1779 1879 1920 1975 legibus

508 2007 511 2015 ’
547 1980 675 2050 divinis
701 1992 736 2052 et
761 1980 922 2050 humanis
947 1977 1129 2049 servandis
1147 1973 1218 2070 ¹⁰),
1268 1977 1336 2048 hae
1366 1989 1451 2049 suut
1476 1992 1550 2052 tres
1583 1985 1732 2055 virtutes
1761 1981 1919 2055 cardina·

546 2081 620 2170 les,
648 2070 962 2176 quarum'summa
989 2078 1190 2149 continetur
1215 2079 1406 2172 sapientia,
1434 2104 1505 2176 qua
1532 2082 1728 2155 instructus
1756 2095 1919 2154 accurate

548 2183 664 2271 novit,
706 2181 792 2281 quid
817 2181 922 2272 utile,
961 2178 1048 2281 quid
1072 2201 1164 2268 uon,
1205 2187 1241 2247 ct
1261 2177 1350 2248 illud
1373 2180 1410 2248 in
1436 2178 1599 2251 omnibus
1626 2183 1808 2278 sequitur,
1850 2180 1919 2252 hoc

548 2285 648 2376 l'ugit.
727 2284 902 2381 Suprema
946 2293 1063 2352 autem
1103 2277 1162 2350 lex
1210 2278 1410 2351 olliciorum
1449 2279 1549 2350 nulla
1585 2281 1653 2352 alia
1689 2293 1761 2374 est,
1814 2307 1920 2378 quam
2011 2290 2014 2299 “

548 2397 589 2453 ut
625 2409 765 2479 semper
808 2384 970 2481 sequaris
1009 2381 1066 2472 id,
1120 2377 1226 2478 quod
1255 2381 1405 2452 maxime
1442 2379 1528 2452 utile
1562 2407 1641 2454 esse
1662 2432 1665 2437 -
1683 2383 1841 2454 videatur
1858 2379 1918 2477 ¹¹).

547 2491 598 2554 At
624 2485 741 2579 ipsum
774 2483 863 2555 illud
891 2483 977 2553 utile
1011 2483 1145 2552 varium
1175 2490 1210 2553 et
1244 2479 1432 2572 mutabile,
1488 2507 1600 2578 quare
1630 2483 1744 2580 majus
1774 2484 1919 2580 aliquod

547 2585 715 2655 auxilium
747 2579 1098 2676 circumspiciendum
1126 2591 1191 2650 est.
1270 2582 1349 2650 lloe
1384 2579 1496 2652 habes
1522 2584 1560 2650 in
1594 2581 1649 2654 dei
1685 2584 1918 2680 providentia,

545 2685 591 2754 de
618 2708 690 2781 qua
714 2683 858 2775 insignis
893 2683 995 2753 loeus
1021 2689 1076 2750 est
1101 2678 1208 2749 lllem.
1234 2674 1273 2769 4,
1302 2676 1343 2769 5,
1373 2675 1452 2748 lh:
1500 2683 1571 2761 χρὴ
1596 2683 1658 2748 οὐν
1682 2685 1785 2767 μηδὲν
1817 2687 1919 2751 ἐλλεί-
2047 2734 2049 2743 .

547 2800 656 2842 ποντα
675 2779 770 2843 κατὰ
782 2777 928 2858 δύναμιν
944 2779 1043 2854 τιμᾶν
1063 2773 1141 2841 τοὺς
1161 2769 1271 2850 θεοὺς,
1294 2769 1438 2854 &addaiu
1459 2795 1494 2838 τε
1515 2772 1574 2836 nal
1596 2772 1741 2839 ἐλπίζειν
1761 2773 1807 2836 τὰ
1826 2776 1916 2853 μέγι-

548 2878 613 2927 στα
631 2863 765 2946 arasa
813 2863 865 2929 Οὐ
886 2861 960 2945 γὰρ
978 2861 1063 2939 παρ’
1082 2859 1199 2922 ἄλλων
1219 2859 1254 2940 γ’
1274 2856 1320 2921 ἄν
1339 2871 1388 2922 τις
1408 2859 1514 2936 μείζω
1534 2856 1685 2927 ἐλπίζων
1708 2858 1916 2941 σωφρονοίη,

547 2950 572 3027 ἢ
594 2949 694 3027 παρὰ
715 2950 785 3012 τῶν
806 2947 853 3013 τὰ
875 2948 1017 3030 μέγιστα
1041 2941 1188 3026 ὠφελεῖν
1215 2943 1432 3019 δυναμένων,
1477 2940 1550 3008 οὐδ’
1574 2941 1619 3004 ἂν
1644 2941 1759 3005 ἄλλως
1781 2944 1916 3020 μᾶλλον

547 3033 571 3113 ἢ
594 3030 781 3139 effutirent
801 3030 956 3112 ἀρέσκοι·
983 3027 1120 3107 ἀρέσκοι
1138 3025 1176 3089 δὲ
1196 3027 1270 3090 πῶς
1290 3026 1335 3089 ἂν
1354 3029 1503 3104 μᾶλλον,
1529 3025 1553 3105 ἢ
1573 3026 1602 3090 cl
1618 3023 1666 3090 ar
1684 3026 1833 3104 μάλιστα
1847 3025 1916 3090 net-

434 3125 446 3139 ‘
547 3127 638 3190 Scato
662 3124 796 3196 αὐτοῐςς
810 3163 852 3174 -
886 3120 985 3188 neus
1011 3127 1128 3187 autem
1145 3113 1249 3184 docet
1276 3116 1386 3207 signis
1412 3126 1519 3215 atque
1543 3115 1719 3209 portentis
1730 3112 1791 3208 ¹²).
1841 3117 1918 3208 Ap·

547 3231 649 3318 paret
677 3219 802 3308 igilur,
855 3217 959 3286 etiam
984 3211 1066 3284 huic
1092 3210 1339 3308 philosophiae
1364 3214 1491 3282 morali
1518 3236 1691 3284 summam
1716 3214 1831 3306 legem
1856 3239 1918 3286 vo·

549 3323 720 3416 luptatcm
746 3325 838 3389 tecte
864 3313 1024 3386 subesse.
1269 3400 1271 3405 Α

522 3414 529 3424 ’
618 3420 750 3509 rQuac
786 3442 899 3516 quum
931 3415 980 3488 ita
1012 3413 1102 3502 siut,
1153 3407 1431 3505 Xenophontem
1464 3433 1697 3509 quaecuuque
1725 3407 1769 3481 ad
1802 3409 1918 3502 beate,

549 3510 732 3595 commode
750 3543 791 3591 ac
810 3516 969 3618 jucunde
993 3511 1180 3586 niveudum
1205 3512 1323 3583 lacere
1341 3511 1579 3602 existimaret,
1605 3510 1792 3603 dihgeuter
1819 3538 1918 3585 exer·
2023 3560 2035 3587 .

550 3624 683 3711 cuisse,
736 3644 807 3692 nou
832 3615 1027 3688 miraberis.
1104 3611 1296 3683 Studiosus
1338 3612 1446 3703 igitur
1480 3622 1556 3683 crat
1581 3613 1631 3683 rei
1666 3615 1917 3710 gymnasticae,

550 3719 747 3817 equestris,
798 3717 1002 3791 venatoriae
1035 3725 1143 3810 atque
1178 3710 1378 3805 humiliaris,
1430 3736 1545 3809 neque
1579 3711 1727 3784 deorum
1762 3714 1918 3808 neglexit

551 3933 836 3950 ..n-“m

651 4070 747 4119 latiens
774 4083 807 4118 on
830 4066 949 4135 physica}
972 4065 1024 4116 aud
1051 4059 1242 4130 metaphysical
1267 4060 1366 4113 scieace
1394 4076 1462 4112 were
1487 4063 1607 4113 roscrved
1638 4066 1680 4113 lor
1704 4063 1824 4114 auditura
1848 4064 1880 4113 cl
1901 4081 1917 4112 a

651 4134 775 4187 different
793 4134 987 4204 descriptiou.“

586 4239 618 4304 a)
652 4237 745 4290 unm
762 4235 780 4287 1.
797 4235 816 4287 1.
833 4255 861 4321 p·
878 4233 906 4288 a

584 4339 618 4404 9)
652 4337 745 4391 Dinon
760 4336 779 4388 l·
797 4337 816 4389 1.
834 4352 861 4404 p.
880 4333 915 4386 13
930 4349 988 4403 sqq.

449 4414 452 4419 Ι
569 4439 619 4511 to)
653 4441 731 4494 uem.
749 4434 787 4500 4,
803 4433 842 4499 d,
860 4433 903 4486 {2
937 4429 973 4486 τό
989 4436 1106 4502 νόμιμον
1123 4424 1231 4487 δίκαιον
1247 4421 1323 4485 εἶναι.

567 4540 614 4601 ll)
648 4515 741 4592 Diem
757 4540 775 4590 l.
794 4539 818 4605 1.
831 4555 857 4607 p.
880 4534 926 4588 25.

570 4640 615 4702 rs)
649 4637 779 4700 uma,
802 4637 901 4703 aas.
936 4632 1083 4699 4,⁷,ro.
