4612 5790
1304 763 1558 838 ...58-

741 989 852 1084 ldque
877 991 986 1070 recte,
1013 979 1042 1047 si
1071 974 1238 1072 adjeceris
1257 971 1512 1045 Thebanorum
1538 979 1574 1045 et
1592 970 1859 1051 ‘Atheniensium
1890 984 2111 1081 principatus

739 1082 963 1160 nanciscendi
997 1074 1166 1148 studium*
1180 1085 1216 1145 et
1248 1073 1410 1144 invidiam
1448 1099 1532 1167 erga
1548 1072 1775 1169 ¹Spartanos,
1826 1082 2040 1179 illorumque
2066 1087 2110 1158 de

738 1188 884 1284 imperio
915 1207 981 1252 suo
1006 1178 1153 1249 Boeotio
1182 1174 1442 1267 sollicitudines
1461 1172 1507 1271 ³).
1581 1177 1665 1270 lpse
1700 1190 1816 1251 autem
1841 1182 2042 1279 Xenophon
2075 1188 2112 1255 in

738 1313 804 1361 sua
832 1284 989 1358 oratione
1017 1278 1229 1348 Timocratis
1256 1274 1368 1365 dona,
1415 1274 1547 1372 quibus
1574 1273 1755 1372 Thebani,
1803 1282 1947 1376 Argivi,
1986 1285 2111 1355 Corin.

738 1388 820 1480 thii,
855 1410 920 1457 nee
946 1405 1031 1452 vcro
1057 1375 1297 1449 Athenienses·
1315 1377 1476 1469 corrupti
1501 1376 1655 1467 fuerint,
1687 1383 1879 1477 praecipue
1902 1385 2014 1456 ell'ert.
2065 1386 2112 1455 Et

738 1501 833 1563 uerte
859 1511 901 1559 ea
924 1481 1012 1552 belli
1040 1480 1140 1570 origo
1154 1474 1520 1551 Lacedaemoniorum,
1534 1474 1679 1546 auribus
1706 1485 1886 1575 acceptior
1911 1495 1998 1556 erat.
2042 1483 2114 1556 Sed

689 1602 711 1671 ,’
737 1591 853 1676 illam,
883 1608 956 1655 non
980 1580 1071 1650 hane
1087 1576 1297 1674 primariam
1324 1585 1359 1646 et
1382 1600 1502 1645 veram
1529 1574 1607 1672 ejus
1631 1600 1772 1650 causam
1799 1582 1909 1656 luisse
1932 1584 2113 1680 (el'..l)iod.

686 1674 691 1687 ⁵
739 1687 803 1781 ll,
830 1683 913 1774 82,
956 1681 1019 1778 qui
1044 1703 1089 1750 ne
1115 1686 1287 1747 memorat
1309 1674 1455 1773 quidem
1483 1677 1692 1748 Timocratis
1725 1677 1855 1777 dona),
1905 1685 1983 1778 ipse
2017 1681 2114 1759 haud

738 1789 845 1862 dubie
859 1780 1072 1879 'Xenophon
1098 1775 1291 1867 intellexit,
1343 1786 1379 1846 et
1404 1800 1470 1870 per
1495 1768 1749 1850 Thebanorum
1773 1781 1884 1852 verba
1915 1782 2113 1875 significare
2160 1770 2167 1777 ’

737 1889 852 1961 voluit
880 1884 940 1976 (cf.
965 1875 1103 1975 supra).
1170 1877 1243 1946 {tes
1273 1873 1318 1945 ab
1343 1876 1442 1945 initio
1469 1886 1587 1969 gestas
1615 1902 1686 1950 non
1714 1892 1876 1953 accurate
1901 1881 2112 1979 perscribit3

738 1989 824 2060 nihil
849 1986 894 2056 de
915 1980 1091 2054 communi
1116 1977 1295 2046 sociorum
1320 1974 1635 2070 apud-‘Corinthios
1664 1992 1808 2074 senatu,
1836 1981 1923 2053 nihil
1947 1982 1993 2055 de
2019 1982 2110 2053 mul·

738 2092 784 2162 tis
812 2082 1033 2174 civitatibus,
1074 2101 1165 2176 quae
1191 2101 1212 2146 a
1237 2075 1522 2147 Lacedaemoniis
1548 2079 1769 2171 desciscunt,
1806 2084 1892 2154 nihil
1922 2083 1965 2153 de
1990 2107 2111 2178 pugna

737 2186 933 2287 Narqeensi
959 2193 995 2254 et
1020 2179 1096 2250 aliis
1122 2175 1250 2268 rebus,
1287 2200 1377 2272 quas
1403 2177 1507 2247 Diod.
1536 2175 1599 2270 ld,
1626 2174 1688 2249 82.
1715 2178 1776 2275 (cl.
1803 2181 1900 2252 Plut.
1926 2180 2110 2277 Apophth.

738 2319 773 2463 t·
797 2285 904 2486 (sqq)
931 2279 1306 2481 {titaltltt
1330 2276 1891 2452 ii.⁰lili.li⁰⁰.ilili¹¹llll
1909 2281 2124 2479 iiiiii*

840 2439 851 2480 a
900 2436 912 2478 a
985 2436 993 2452 ·
1636 2423 1646 2446 ‘
2098 2421 2111 2434 ·

588 2482 596 2493 ⁸
704 2492 834 2565 ‘tollit
861 2487 923 2584 (ef.
949 2482 1056 2556 modo
1082 2480 1179 2551 Plut.
1206 2479 1291 2575 Lys.
1317 2474 1405 2575 28..)
1481 2481 1529 2551 Et
1555 2478 1733 2574 attendas,
1787 2493 1917 2579 quanta
1950 2484 2112 2552 irrisione

738 2588 904 2663 dehisce
929 2591 1051 2653 narret
1080 2576 1134 2674 (5,
1160 2576 1198 2667 5,
1225 2575 1274 2648 21
1301 2577 1418 2674 sqq.):
1480 2603 1561 2649 teos
1588 2581 1680 2649 enim
1708 2582 1823 2653 animo
1850 2608 2023 2678 perquam
2052 2582 2110 2651 dc·

733 2693 852 2790 jectos
875 2682 1008 2773 luisse,
1040 2677 1157 2746 donee
1180 2675 1416 2746 Athenienses
1444 2699 1551 2770 opem
1575 2677 1729 2769 ferrent3
1779 2691 1867 2753 tunc
1919 2682 2032 2753 uidem
2058 2682 2110 2750 fa·

738 2801 835 2861 stum
869 2807 994 2856 eorum
1027 2774 1130 2848 valde
1158 2774 1354 2867 crevisse;‹
1397 2773 1533 2845 eodem
1565 2773 1673 2844 modo
1709 2787 1835 2871 postca
1871 2708 1925 2871 (d,
1953 2777 1991 2870 2,
2021 2775 2111 2874 l8.),

738 2887 802 2961 ubi
830 2883 1007 2984 proelium
1032 2880 1229 2950 Nemeense
1261 2870 1448 2965 describit,
1501 2873 1668 2944 Boeotios
1695 2875 1889 2949 timiditatis
1915 2878 2110 2969 insimulat,

740 2989 842 3090 quasi
862 2976 1340 3057 'Lacedaemoniosmaxime
1365 2974 1468 3045 veriti
1494 2985 1614 3045 essent
1642 2975 1679 3043 in
1701 3001 1839 3071 pugna,
1884 2978 1988 3050 istam
2013 2989 2109 3049 certe

740 3115 813 3163 non
853 3083 1094 3182 probaverant
1132 3075 1177 3147 ad
1217 3075 1437 3163 llaliartum,
1490 3072 1554 3144 ubi
1597 3075 1652 3145 vel
1683 3076 1907 3155 Lvsandrum
1941 3080 2111 3150 acerrime

1715 3154 1729 3174 0

645 3200 649 3207 '
741 3187 858 3261 adorti
892 3191 1029 3273 essent,
1079 3200 1144 3246 nec
1177 3174 1373 3269 quidquam
1405 3173 1586 3244 Diodorus
1617 3170 1695 3264 (ld,
1721 3173 1801 3274 85.)
1828 3179 1962 3251 aliusve
1992 3204 2032 3250 ea
2066 3178 2112 3249 de
2156 3242 2160 3247 .
2261 3180 2268 3185 ”

739 3316 779 3362 re
812 3289 1108 3367 commemorat„
1136 3276 1206 3344 imo
1242 3269 1299 3342 hic
1330 3295 1445 3365 aequo
1479 3271 1595 3342 lllarte
1636 3287 1835 3366 pugnatum
1875 3304 1954 3351 esse
1987 3279 2110 3368 refert,

741 3378 854 3490 quum
874 3379 1084 3478 'Xenophon
1108 3372 1402 3447 Lacedaemonios
1428 3372 1554 3442 vicisse
1579 3373 1781 3446 contendat.
1855 3377 1976 3449 Habes
2003 3380 2112 3470 igitur

740 3492 775 3563 h.
803 3489 827 3558 l.
857 3487 969 3582 prima
996 3479 1172 3578 apertiora
1197 3473 1395 3545 inimicitiae
1424 3472 1536 3567 ipsius
1561 3496 1645 3565 erga
1671 3472 1863 3548 Thebanos
1890 3479 2046 3571 vestigia.

844 3587 903 3660 Sic
929 3582 1071 3684 quidem
1096 3602 1170 3648 non
1191 3583 1312 3671 patet,
1349 3597 1436 3643 eur·
1450 3569 1574 3667 ephori
1607 3574 1750 3645 omnino
1776 3576 1981 3670 Agesilaum
2006 3603 2109 3650 revo-

742 3689 908 3769 caverint
978 3685 1091 3754 Taeet
1117 3677 1209 3747 enim
1233 3671 1454 3771 Xenophon,
1508 3684 1681 3771 quantum
1710 3675 1752 3746 iis
1777 3677 1973 3775 perieulum
1998 3679 2109 3751 immi·

743 3791 878 3878 nuerit,
931 3808 1042 3881 quum
1068 3775 1154 3848 nihil
1187 3775 1280 3847 dieat
1305 3774 1350 3845 de
1381 3798 1557 3870 prospero
1580 3776 1763 3847 sociorum
1796 3801 1987 3870 successu,
2036 3803 2110 3876 quo

742 3892 862 3965 statim
889 3885 987 3956 initio
1016 3878 1102 3952 helli
1127 3873 1328 3972 gaudebant
1353 3874 1545 3946 seeundum
1570 3875 1720 3947 lliodori
1743 3878 1991 3951 testimonium.
2063 3879 2111 3950 Et

744 3989 880 4065 etiamsi
906 3985 967 4056 illa
994 4006 1068 4053 non
1102 3978 1217 4050 territi
1242 3975 1374 4047 fuerint
1403 3973 1547 4071 ephori,
1600 4000 1721 4072 pugna
1750 3989 1868 4050 tamen
1893 3977 2109 4050 Haliartensi

743 4091 813 4165 hoe
837 4089 968 4160 tactum
994 4106 1073 4156 esse
1092 4078 1252 4169 videtur,
1277 4078 1414 4174 quippe
1439 4100 1510 4172 qua
1535 4100 1647 4168 unus,
1681 4101 1755 4176 quo
1777 4077 1953 4151 conlidere
1978 4080 2109 4152 certius

744 4198 912 4293 possent,
966 4180 1150 4283 Lysander
1175 4177 1368 4252 cecidisset.
1431 4175 1734 4266 Quemadmodum
1759 4189 1877 4251 autem
1902 4190 2004 4250 antea
2029 4204 2109 4250 nar·

698 4319 703 4326 ·
744 4290 890 4370 rationis
915 4283 1149 4383 dispositione
1174 4277 1259 4351 belli
1281 4274 1453 4350 Corinthii
1478 4299 1602 4348 causas
1628 4288 1665 4349 et
1692 4278 1845 4370 origines
1872 4279 2037 4352 sollerter
2058 4290 2109 4353 te·
2187 4342 2192 4349 .

719 4388 828 4492 [gere
853 4386 1010 4477 studuit,
1057 4383 1109 4455 sic
1135 4381 1238 4452 etiam
1262 4380 1357 4453 nunc
1380 4376 1547 4474 periculi,
1595 4401 1667 4474 quo
1693 4377 1858 4474 Spartani
1883 4391 2107 4470 vexarentur,

751 4619 1043 4641 Μ.

781 4758 813 4822 8)
847 4758 980 4811 limen
996 4756 1043 4809 Gr.
1061 4751 1216 4808 seuumt.
1236 4770 1262 4822 p.
1283 4749 1333 4803 tt.
