4612 5790
739 575 1111 653 ..zo--

185 783 394 856 mentionem
426 792 502 852 tum
536 779 676 853 demum
706 779 834 878 injicit,
888 803 997 877 quum
1021 776 1159 870 legatos
1188 777 1233 850 ad
1257 778 1460 872 Agesilaum
1493 806 1551 853 ve·

77 914 83 923 ·
187 884 281 954 uisse
305 883 426 956 refert.
491 881 595 972 Quod
621 883 786 964 πρότερον
812 879 952 961 ὕστερον
978 878 1044 949 nisi
1068 880 1321 971 committeret,
1362 878 1553 975 oportebat

186 1006 265 1053 enm
287 984 381 1073 illa,.
408 1007 507 1080 qnae.
526 983 687 1052 omittere
714 976 783 1049 sibi
809 989 1067 1073 proposuerat,
1110 979 1309 1075 patefacere
1335 990 1371 1050 et
1400 992 1550 1077 quanto·

182 1107 266 1176 pere
294 1083 547 1179 trepidaverint
577 1080 701 1176 ephori
727 1076 917 1152 declarare.
967 1082 1104 1154 verum
1131 1078 1202 1152 hoo
1226 1104 1300 1153 nou
1324 1082 1553 1153 sustinuisset

182 1183 402 1281 Xenophon,
432 1181 574 1277 qualem
599 1182 772 1252 novimus.

284 1282 475 1376 Agesilaus
506 1291 694 1378 peragrata
719 1276 961 1373 ,Thessalia⁴)'
994 1283 1155 1353 nuntium
1189 1282 1316 1378 accipit
1354 1279 1399 1352 dc
1432 1304 1553 1376 pugna

183 1382 325 1477 Cnidia,
345 1383 421 1481 jam
447 1380 532 1453 haec
556 1384 677 1478 paucis
700 1381 976 1477 aXcuophoute
1002 1381 1213 1473 absolvitur,
1242 1406 1445 1481 quanquam
1472 1406 1552 1473 gra·

183 1484 323 1553 sissima
350 1495 444 1574 erat,
472 1510 581 1580 quum
596 1483 860 1555 Lacedaemonii
886 1508 927 1554 ea
951 1486 1057 1554 maris
1084 1485 1318 1579 principatum
1342 1484 1552 1553 amitterent.

184 1584 318 1655 Contra
333 1585 550 1656 Coronensis
573 1586 732 1675 victoria,
758 1610 864 1680 quam
886 1586 972 1653 satis
993 1584 1136 1653 dubiam
1157 1585 1268 1654 fuisse
1290 1581 1553 1678 alii'perhibent

183 1684 245 1766 (cl.
264 1683 424 1756 Schneid.
437 1684 491 1754 ad
504 1681 543 1773 4,
560 1682 600 1774 5,
616 1681 707 1779 Ἃ),
735 1681 886 1777 amplius
908 1680 1133 1771 describitur,
1159 1707 1315 1753 necnon
1335 1681 1512 1778 proelium
1532 1706 1553 1750 a

181 1784 326 1856 Prasita
352 1809 432 1853 cum
457 1784 613 1873 Argivis,
640 1782 824 1876 Iphicratis
850 1783 1072 1853 merecnariis
1100 1793 1136 1853 et
1157 1780 1347 1854 Corinthiis
1373 1783 1466 1853 intra
1482 1782 1551 1853 Co·

182 1882 291 1952 rinthi
322 1907 444 1952 muros
472 1882 707 1951 commissum.
782 1882 912 1951 llIirum
938 1880 972 1951 h.
1000 1882 1024 1952 l.
1053 1881 1151 1981 quod
1176 1909 1248 1954 uno
1276 1892 1412 1954 tantum
1439 1878 1551 1954 verbo

181 1980 392 2077 Iphicratem
421 1982 564 2052 all'nisse
586 1981 668 2052 dicit
690 1979 744 2072 (4,
761 1980 800 2072 4,
818 1978 883 2072 9.),
913 1984 969 2051 eui
995 1993 1111 2054 tamen
1137 1984 1272 2078 primae
1292 1981 1337 2052 ab
1365 1982 1441 2052 aliis
1465 1984 1552 2053 scri·

179 2081 345 2178 ptoribus
373 2081 574 2153 tribuantur
601 2080 717 2175 (Diod.
738 2079 800 2171 44,
814 2077 878 2161 86.
905 2082 1076 2180 Polyaen.
1096 2080 1132 2173 I,
1148 2080 1186 2172 9,
1203 2080 1291 2162 td).
1344 2081 1415 2153 Sed
1441 2108 1553 2177 quum

179 2181 364 2278 Iphicratis
392 2184 483 2254 acies
509 2181 673 2255 exulibus
688 2180 895 2271 Corinthiis,
920 2184 1103 2253 aPraxita
1128 2181 1289 2254 adductis
1310 2183 1474 2277 opposita
1495 2206 1551 2253 es·

180 2297 236 2355 set
252 2279 300 2380 ὅ),
324 2282 378 2351 illi
403 2307 487 2352 vero
511 2286 592 2350 τοὺς
611 2287 690 2347 καθ’
711 2284 840 2350 αὐτοὺς
864 2283 990 2354 vicisse
1016 2284 1179 2354 dieantur
1208 2280 1263 2380 (4,
1281 2283 1321 2374 4,
1341 2280 1430 2377 II),
1455 2282 1551 2377 Iphi·

180 2394 312 2456 cratem
330 2383 463 2451 victum
484 2381 551 2452 dici
575 2390 734 2473 apparet.
772 2382 847 2450 Gur
867 2408 952 2452 vcro
968 2381 1262 2479 Xenophon-boe
1284 2409 1356 2454 nou
1377 2382 1551 2456 distinctis

180 2480 298 2556 verbis
325 2480 477 2552 extulit?
528 2479 702 2552 Videlicet
726 2478 797 2551 tale
825 2481 912 2577 quid
932 2483 1117 2579 Spartanis
1143 2485 1218 2555 suis
1245 2509 1317 2555 non
1338 2484 1553 2579 placiturum

150 2636 153 2643 .
180 2608 260 2656 esse
287 2583 484 2679 reputavit,
526 2583 659 2680 quippe
685 2583 747 2677 qui
771 2578 817 2650 ab
843 2581 1039 2677 Iphicrate,
1078 2611 1174 2657 nuuc
1200 2582 1259 2656 vol
1279 2580 1470 2656 Corinthiis
1499 2585 1564 2653 in·-

180 2685 329 2776 l'eriore,
378 2683 483 2755 toties
520 2680 678 2777 superati
710 2691 857 2751 esseut..
918 2683 1045 2755 Nonne
1078 2686 1254 2776 egregiam
1285 2708 1420 2756 morsm
1451 2707 1567 2753 suam¹
1619 2698 1625 2709 '

179 2784 288 2883 paulo
314 2795 400 2879 post
423 2782 570 2856 cecidit?
611 2804 749 2868 noune,
779 2791 820 2848 ut
846 2780 913 2847 alia
938 2785 1135 2873 mittamus,
1162 2780 1376 2852 Anaxibium
1400 2781 1552 2853 devicit?

182 2884 243 2984 (cf.
263 2883 303 2976 d,
322 2880 362 2974 8,
380 2880 432 2953 53
451 2880 561 2977 sqq.).
612 2881 704 2948 Nam
724 2873 959 2947 Athenienses
986 2903 1065 2949 eum
1094 2879 1234 2950 laedere
1259 2880 1430 2972 noluisse,
1456 2878 1552 2951 hand

181 2982 349 3058 credibile
374 2989 446 3069 est,
484 2998 819 3076 quumvnunquam,
853 2976 884 3043 si
911 2975 996 3046 alias
1021 2979 1105 3049 victi
1130 2987 1267 3070 essent,
1301 2989 1427 3052 taceat.
1476 2981 1553 3052 Nec
1609 3060 1615 3073 ,

181 3084 289 3157 etiam
311 3078 521 3175 Iphicratem
547 3086 647 3147 tanto
673 3098 793 3144 amore
822 3075 1008 3171 amplexus
1033 3089 1125 3171 est,¹
1156 3091 1197 3151 ut
1224 3078 1372 3152 cladem.
1386 3080 1462 3179 ejus
1489 3080 1552 3153 ali-

182 3207 304 3280 quam
320 3178 492 3251 benevole
523 3186 686 3270 tegeret..
738 3173 848 3245 Vides
880 3177 987 3269 igitur
1020 3177 1058 3248 in
1091 3177 1146 3251 his
1173 3205 1319 3279 quoque
1349 3207 1491 3255 caecum
1516 3193 1554 3255 et

182 3284 325 3353 anxium
349 3279 716 3352 Lacedaemoniorum.
732 3274 914 3347 cultorem.
991 3278 1034 3349 Id
1058 3304 1144 3351 vero
1171 3282 1274 3350 etiam
1305 3279 1472 3376 probavit
1494 3305 1552 3352 ra·

180 3387 295 3474 tione,
323 3406 394 3479 qua
420 3379 560 3454 caedem
585 3380 793 3475 optimatum
819 3374 1083 3449 Corinthiorum
1109 3377 1220 3452 relert
1246 3377 1301 3477 (4,
1328 3378 1368 3472 4,
1395 3377 1417 3450 I
1441 3378 1552 3481 sqq.).

182 3485 344 3583 Namque
378 3479 445 3554 hos
485 3482 680 3578 optimates
714 3488 751 3551 et
781 3476 989 3553 Laconistas
1029 3479 1141 3555 inisse
1178 3489 1300 3555 tacens
1346 3480 1447 3580 (sunt
1483 3482 1556 3579 ipsi

182 3697 470 3716 ...Μ
481 3697 485 3703 ·

219 3851 251 3919 4)
286 3851 327 3904 Cl.
345 3867 425 3920 snpru
444 3849 465 3916 §.
483 3846 510 3899 ὅ.
544 3847 665 3900 Ceterum
693 3846 954 3901 erret-Schuethh.
976 3851 995 3901 1.
1013 3849 1102 3916 (es,
1117 3849 1178 3917 u),
1208 3851 1378 3904 Plutarchum
1402 3852 1552 3905 existimem

288 3921 419 3969 diversum
437 3935 452 3966 ιι
472 3917 651 3983 Xenophontis
668 3917 701 3966 dc
715 3917 860 3968 Larissueis
875 3918 1026 3968 usmtione
1043 3917 1133 3978 ahiree
1154 3921 1201 3970 hos
1222 3922 1290 3970 enirn
1308 3937 1358 3970 non
1379 3920 1465 3971 hostes
1483 3921 1551 3990 Age·

287 3987 348 4036 silsd
366 3986 459 4045 luisse,
482 4002 560 4050 quum
578 3984 670 4033 foedus
690 4000 748 4034 cum
766 4001 797 4032 ro
817 3985 923 4034 inierint
940 3984 1080 4036 secundnm
1099 3985 1169 4038 Plut.
1186 3987 1263 4104 Agru.
1280 3984 1324 4038 td.
1360 3986 1413 4037 Sed
1430 3987 1474 4038 hie
1494 3996 1550 4040 tun·

289 4061 346 4104 tum
364 4052 445 4115 dicit,
468 4053 621 4119 Agesilaum
637 4067 695 4102 cum
713 4052 746 4100 iis
763 4058 869 4120 pactum
887 4069 957 4113 csse,
982 4058 1011 4103 ut
1028 4054 1120 4103 nisum
1138 4071 1154 4102 u
1171 4071 1199 4103 se
1227 4060 1333 4122 rgutos,
1357 4071 1422 4121 quos
1439 4055 1550 4105 retinue-

286 4126 360 4180 rant,
392 4117 555 4168 dimitterent
578 4108 779 4181 (armoricae
798 4110 903 4181 αὐτούς
927 4114 1066 4183 ἀπέλαβε).
1117 4120 1153 4173 Et
1174 4122 1278 4171 omnino
1302 4121 1398 4171 foedus
1417 4123 1477 4173 lieri
1500 4138 1552 4172 uos

286 4192 405 4256 poterut,
430 4203 508 4251 quum
526 4186 644 4245 Medius,
664 4186 785 4236 Larissae
804 4187 941 4254 dyusstes,
963 4188 1044 4270 paulo
1063 4193 1124 4238 uste
1143 4187 1193 4239 hoe
1213 4193 1315 4256 tempus
1334 4188 1489 4240 Pharsalum
1508 4205 1550 4239 oc·

287 4259 405 4322 capesset
422 4253 513 4315 (Iliad.
531 4251 578 4313 tt,
594 4251 668 4318 82),
701 4253 833 4305 I’lsursslii
850 4261 1022 4320 sutem-ipsu
1038 4255 1108 4305 Plut-
1132 4261 1199 4307 testu
1215 4256 1367 4326 Agesilaum
1389 4257 1486 4308 aeriter
1502 4256 1551 4306 Isu-
1581 4272 1593 4297 ο

285 4326 440 4390 pugnarent.
492 4321 573 4386 Atqui
595 4321 706 4371 duurusn
723 4319 844 4381 urbium,
882 4322 927 4372 uui
952 4322 1090 4391 eidemque
1110 4322 1217 4373 domiuo
1237 4322 1429 4389 subjecturum,
1465 4322 1551 4372 alteru

287 4405 338 4439 nou
355 4388 442 4455 potnit
459 4388 492 4437 dc
509 4404 575 4456 paee
590 4387 736 4455 transigere
752 4404 811 4438 curu
829 4386 965 4450 hostibus,
982 4390 1066 4441 alters
1082 4406 1141 4441 eum
1160 4390 1253 4442 iisdem
1273 4390 1373 4442 bellurn
1394 4404 1500 4460 gerere.

155 4515 160 4522 .
222 4487 251 4547 to
286 4488 328 4541 CI.
347 4487 481 4547 uitulum,
501 4506 553 4555 qus
570 4486 708 4541 Weislrius
724 4488 858 4557 (Aesopia.
874 4490 966 4558 script.
983 4488 1043 4541 vot.
1060 4488 1091 4541 4.
1111 4509 1138 4559 p.
1155 4489 1247 4559 illst),
1276 4491 1407 4559 quomodo
1424 4489 1494 4542 scies
1512 4491 1549 4541 iu·

288 4563 386 4608 structu
403 4556 499 4619 suerit,
516 4555 550 4606 oh
571 4556 662 4606 ocules
677 4557 773 4622 posuit.
