4612 5790
1203 667 1461 738 ...44

646 879 788 980 quidem
825 871 885 970 (ὅ,
911 868 964 968 6.)
1005 870 1113 941 Eleos
1153 868 1384 964 Xenophonti
1426 869 1784 942 Lacedaemoniorum
1832 877 2015 945 amicitiam

642 979 821 1072 ignovisse
848 982 883 1043 et
904 983 945 1041 ut
971 995 1094 1042 secure
1118 969 1290 1041 Scillunte
1317 970 1451 1038 viveret
1478 993 1605 1065 passos
1632 995 1712 1043 esse
1736 973 1841 1064 dicit,
1869 974 1933 1047 sed
1959 998 2016 1045 ae·

644 1079 799 1151 curatius
825 1069 992 1144 Dinarchi
1018 1096 1038 1140 a
1061 1072 1165 1163 Diog.
1192 1070 1334 1162 allegati
1362 1070 1601 1140 testimonium
1632 1073 1869 1166 praetulerim.
1945 1073 2016 1145 Re·

642 1179 729 1249 licto
766 1177 873 1265 igitur
913 1170 1084 1243 Seillunte
1116 1172 1292 1266 Leprenm
1326 1193 1406 1240 cum
1438 1168 1518 1240 liliis
1552 1172 1733 1265 coneedit,
1777 1173 1859 1244 inde
1891 1175 2016 1245 Corin·

645 1278 746 1349 thum
762 1273 816 1370 24)
853 1297 1007 1369 eosque,
1060 1271 1203 1342 loedere
1242 1270 1316 1365 jain
1356 1268 1489 1339 dudum
1522 1273 1616 1342 inter
1649 1272 1945 1345 Lacedaemonios
1980 1289 2018 1359 ¹et

645 1378 881 1448 Athenienses
931 1373 1026 1442 lacto
1070 1370 1144 1467 (01.
1176 1367 1262 1458 102,
1289 1366 1325 1438 4.
1352 1364 1476 1464 569),
1537 1374 1673 1466 patriae
1713 1372 1793 1444 urbi
1831 1372 2017 1447 submittit.

643 1481 771 1572 ltaque
797 1475 936 1544 videtur
966 1481 1052 1568 post
1082 1470 1241 1565 quinque
1269 1468 1409 1537 tandem
1448 1467 1560 1538 lustra
1596 1474 1631 1539 in
1667 1475 1814 1566 gratiam
1848 1501 1928 1546 enm
1953 1500 2018 1569 po·

644 1574 832 1673 palarihus
861 1572 1009 1643 rediisse
1022 1567 1093 1667 ²5),
1147 1568 1244 1665 quod
1274 1568 1435 1645 firmatur
1472 1571 1674 1641 testimonio
1706 1575 1790 1644 lstri
1819 1571 1892 1672 (ap.
1918 1577 2018 1664 Diog.

645 1678 671 1746 l.
699 1674 762 1770 1.),
818 1673 940 1743 codem
968 1670 1053 1760 illo,
1107 1672 1168 1766 qui
1201 1669 1341 1740 exilium
1377 1667 1591 1761 adduxerat,
1635 1672 1779 1755 Euhulo
1810 1686 1958 1766 rogante
1984 1676 2020 1744 in

644 1778 795 1871 patriam
822 1769 1095 1868 Xenophontem
1122 1770 1325 1840 restitutum
1349 1793 1427 1839 esse
1452 1769 1680 1865 perhibentis.
1730 1773 1811 1844 Filii
1836 1775 1873 1844 in
1899 1799 2020 1872 pugna

644 1876 862 1947 hlautinensi
889 1874 982 1942 inter
1006 1868 1243 1940 Athenienses
1270 1869 1491 1961 dimicarunt,
1520 1898 1592 1967 qua
1618 1873 1720 1964 alter,
1748 1873 1909 1972 Grpllus,
1936 1900 2016 1972 per·

645 1977 707 2065 iit,
760 1973 851 2042 alter
876 1969 1057 2040 Diodorus
1090 1993 1216 2063 sospes
1257 1971 1380 2040 evasit.
1448 1972 1615 2042 lllortuns
1643 1984 1699 2044 est
1723 1973 1927 2071 Xenophon
1950 1976 2020 2046 Co·

645 2073 754 2144 rinthi
790 2069 983 2142 secundum
1008 2070 1227 2140 Demetrium
1254 2069 1474 2159 Magnesiam
1509 2082 1545 2140 et
1577 2076 1791 2166 epigramma
1819 2078 1891 2168 (ap.
1918 2075 2021 2164 Diog.

645 2176 670 2247 l.
696 2174 758 2270 1.),
787 2171 844 2242 01.
871 2167 959 2261 105,
987 2166 1021 2239 2.
1049 2165 1168 2265 (559.)
1196 2170 1227 2237 si
1254 2167 1430 2239 Stesiclidi
1458 2168 1546 2239 fides
1573 2167 1754 2264 ussaw),
1797 2172 1860 2242 sed
1887 2173 2020 2243 diutius

647 2301 726 2346 eum
757 2274 908 2361 vixisse,
949 2281 1045 2351 reete
1068 2272 1193 2340 statuit
1222 2269 1367 2340 Cliutou
1381 2266 1443 2364 2⁷).
1469 2311 1520 2322 -
1572 2270 1672 2342 Talis
1699 2272 1808 2362 igitur
1835 2273 1906 2343 vita
1937 2299 2021 2345 con·

647 2377 774 2465 tigerat
802 2371 1049 2466 Xenophonti,
1098 2380 1139 2440 ut
1167 2370 1472 2463 gravissimarum,
1515 2397 1608 2466 quae
1633 2384 1858 2464 gererentur,
1903 2398 2021 2443 rerum

648 2483 710 2543 aut
735 2474 812 2569 ipse
838 2473 1017 2567 particeps
1047 2484 1159 2561 esset,
1190 2482 1251 2542 aut
1279 2472 1475 2567 comperire
1502 2496 1561 2541 eas
1590 2472 1788 2543 accuratius
1814 2485 1949 2567 posset.

1283 2767 1319 2865 §-
1345 2765 1380 2838 a.

1146 2934 1186 2983 Dc
1210 2935 1316 3004 ingenio
1336 2933 1523 3001 Xenophontis.
1600 2986 1610 2997 ¹

748 3109 803 3176 lle
839 3105 977 3194 ingenio
1012 3114 1048 3170 et
1080 3102 1201 3172 indole
1236 3099 1486 3196 Xenophontis
1524 3129 1618 3173 nunc
1652 3105 1875 3176 disseramus.
1940 3109 2024 3179 Vita
2111 3142 2118 3151 ·

650 3203 898 3299 Xenophontis
931 3202 966 3267 in
1003 3196 1146 3268 turhida
1178 3200 1300 3267 incidit
1328 3211 1510 3291 tempora,
1549 3203 1695 3295 ,quihus
1731 3208 1857 3276 civium
1887 3210 2022 3278 animos

650 3305 746 3375 varie
770 3301 906 3372 moveri
934 3308 970 3369 et
998 3295 1142 3367 mirifice
1176 3297 1305 3366 mutari
1330 3294 1499 3366 videmus.
1572 3301 1674 3370 Nova
1707 3305 1865 3395 indoles,
1918 3306 2022 3380 hellis

649 3404 802 3476 Persicis
830 3410 973 3490 exorta,
999 3423 1021 3468 a
1036 3394 1405 3487 hlarathonomaehis,
1431 3399 1669 3493 pertinacibus
1696 3400 1933 3477 harbarorum
1959 3410 2023 3478 ini·

650 3506 767 3594 micis,
815 3513 852 3572 et
878 3497 1015 3573 Pericle
1043 3522 1168 3593 parum
1195 3520 1379 3593 repressa,
1423 3507 1507 3593 post
1532 3511 1669 3594 pestem
1696 3503 1800 3576 istam
1827 3504 2023 3578 anni1l50.

650 3604 898 3699 funestamque
927 3597 1074 3668 Periclis
1108 3610 1260 3670 mortem
1300 3596 1491 3669 violentius
1525 3611 1560 3671 et
1595 3600 1746 3674 celerius
1778 3607 1815 3676 in
1847 3607 2024 3678 civitatem

650 3705 781 3798 irrupit
797 3698 829 3798 ι)
856 3722 1066 3795 omnemque
1092 3699 1200 3769 vitam
1232 3698 1308 3769 viro
1337 3722 1404 3769 sno
1429 3698 1559 3772 infecit
1637 3703 1775 3798 Religio
1806 3731 1939 3806 susque
1962 3706 2022 3779 de·

653 3828 723 3901 que
747 3800 888 3892 haberi,
915 3823 1031 3871 mores
1057 3797 1291 3891 degenerare,
1324 3798 1482 3891 vincula,
1511 3825 1603 3898 quae
1627 3805 1882 3900 rempublicam
1910 3809 2022 3879 conti·

652 3914 756 3996 nent,
813 3901 923 3976 laxari
951 3912 1153 3996 coeperunt.
1217 3899 1514 3996 Propullularunt
1541 3913 1658 3975 autem
1685 3904 1770 3978 haee
1795 3907 1877 3979 vitia
1902 3935 1925 3979 e
1947 3919 2021 3979 tota
2080 3936 2087 3946 ·

656 4106 964 4116 —n—ffl—

672 4216 722 4280 24)
758 4217 836 4288 Diog.
854 4219 872 4267 l.
890 4219 908 4267 l.

674 4316 723 4379 23)
759 4317 800 4367 Cf.
823 4317 994 4368 Borncmunn.
1013 4318 1048 4367 ad
1067 4318 1186 4389 Xenoph.
1208 4320 1304 4388 Cyrop.
1323 4338 1349 4388 p.
1369 4320 1465 4372 xxix.

674 4415 729 4483 20)
765 4417 843 4486 Diog.
863 4416 899 4479 2,
916 4414 962 4469 80.

672 4515 720 4580 st)
754 4516 826 4566 Fut.
848 4516 918 4568 lleli.
940 4535 967 4587 p.
986 4516 1048 4568 1³5·
1066 4517 1135 4570 500.
1159 4519 1266 4591 Rru'rgcr
1282 4522 1316 4573 de
1335 4523 1382 4575 vit.
1401 4523 1520 4592 Xenoph.
1538 4527 1564 4592 s.
1585 4525 1612 4577 5.
1631 4544 1657 4596 p.
1675 4524 1718 4578 28.
1736 4543 1775 4596 sq.
1808 4530 1848 4581 cf.
1866 4532 1935 4582 intra
1953 4532 1975 4600 5.
1993 4532 2021 4584 o.

689 4616 718 4680 l)
752 4616 888 4670 warham.
905 4617 964 4670 tna
982 4617 1052 4671 llell·
1069 4617 1101 4687 l,
1117 4619 1152 4687 2,
1168 4619 1215 4672 29.
