4612 5790
742 659 1046 758 -15-'
1212 650 1224 701 '

774 883 918 986 ,ga
1150 835 1157 854 ’

668 1033 757 1104 llt'itur
774 1052 938 1131 Thnepdidls
954 1052 1075 1106 uteris.

270 1219 460 1310 Quaeritur
470 1245 577 1314 nune,
592 1223 772 1320 quomodo
779 1220 982 1319 Xenophon
988 1216 1219 1319 Thucydideo
1235 1220 1306 1291 ista
1320 1227 1549 1314 ὑπομνήματα

186 1318 222 1387 in
248 1345 352 1392 usum
378 1344 483 1392 suum
509 1325 731 1395 converterit
780 1321 982 1394 Videndum
1004 1321 1143 1415 igitur,
1182 1319 1354 1419 numquid
1379 1319 1549 1392 discrimi-

187 1421 243 1489 nis
277 1421 371 1491 inter
401 1421 490 1494 duos
525 1423 608 1493 illos
644 1434 680 1494 et
715 1434 853 1496 ceteros
896 1420 1010 1493 libros
1043 1420 1249 1494 intercedat.
1307 1421 1354 1493 Et
1386 1445 1555 1515 maguum

186 1522 364 1615 reperisse
388 1520 456 1593 sibi
481 1521 579 1594 visus
606 1533 661 1595 est
689 1521 861 1595 Niebuhr.
889 1520 928 1694 pl).
956 1519 996 1620 l.)
1058 1522 1104 1594 ln
1135 1523 1258 1619 primis
1293 1522 1384 1594 cnim
1410 1519 1554 1592 dnobus

186 1618 287 1691 libris
308 1619 408 1718 juste
435 1635 470 1694 et
495 1635 591 1696 recte
618 1622 663 1696 dc
689 1618 896 1697 Atheniensi
922 1648 966 1695 us
991 1621 1165 1721 judicari,
1196 1647 1307 1720 quum
1336 1622 1373 1690 in
1399 1645 1553 1719 sequen·

186 1717 282 1790 tibus
295 1722 456 1820 quinque
470 1723 644 1806 scelestus
666 1724 869 1816 transfugae
886 1724 1118 1794 Laconismns
1136 1747 1202 1793 nos
1215 1720 1383 1794 ollendat.
1426 1719 1497 1792 Sed
1513 1715 1552 1816 l)
1675 1764 1679 1771 ·

186 1844 260 1890 non
295 1823 397 1892 evicit
428 1822 667 1917 Niebuhrius‚
701 1826 739 1894 in
772 1822 971 1920 posteriore
1002 1820 1267 1895 Hellenicorum
1291 1831 1394 1916 parte
1420 1819 1554 1918 injuste

188 1942 229 1989 ae
267 1919 357 1991 false
391 1921 436 1992 de
471 1922 748 1997 Atheniensibus
777 1923 950 2021 judicari,
987 1947 1052 1994 nec
1086 1923 1229 1996 omnino
1256 1922 1552 2018 quisquamcon·

187 2018 332 2091 tendere
357 2019 426 2091 hoc
446 2027 614 2117 potuerit
664 2024 1025 2097 Lacedaemoniorum
1062 2022 1205 2121 quidem
1230 2031 1267 2093 ct
1291 2018 1450 2112 Agesilai
1475 2030 1552 2092 stu·

187 2117 303 2211 dium,
329 2122 544 2213 Argivorum
563 2121 595 2222 ¹)
623 2149 664 2197 ae
691 2124 945 2198 Thebanorum
972 2122 1093 2196 odium
1125 2123 1163 2192 in
1195 2145 1236 2193 ea
1270 2118 1404 2211 elucet,
1438 2121 1552 2194 neuti-

187 2243 294 2314 quam
318 2245 404 2293 vero
432 2247 516 2318 erga
540 2222 773 2299 Athenienses
798 2228 852 2297 ira
879 2236 985 2322 atque
1008 2222 1191 2322 injustitia.
1243 2220 1405 2315 Reputes
1421 2230 1552 2314 antem,

137 2382 143 2393 ,
183 2318 459 2417 Xenophontem
499 2325 538 2393 in
571 2323 746 2397 narranda
782 2325 869 2400 belli
907 2323 1200 2420 Peloponnesiaci
1241 2319 1388 2392 historia
1431 2319 1553 2414 talem,

185 2420 327 2515 qualem
355 2434 495 2518 postea,
522 2427 673 2496 animum
699 2427 887 2499 ostendere
914 2426 1057 2498 omnino
1083 2449 1156 2496 non
1181 2424 1350 2520 potuisse.
1402 2419 1495 2493 Nam
1517 2431 1554 2493 ct

186 2519 470 2593 Lacedaemoniis
497 2534 533 2594 et
556 2523 835 2597 Atheniensibus
857 2524 1190 2617 terruannorum
1226 2523 1286 2594 alii
1316 2522 1376 2594 isti
1411 2520 1552 2618 pepuh,

186 2644 339 2716 quorum
363 2623 492 2700 invidia
517 2621 563 2692 ab
590 2626 759 2717 Agesilao
784 2626 937 2698 infectus
964 2649 1043 2697 esse
1066 2624 1228 2716 videtur,
1263 2624 1299 2692 in
1327 2646 1470 2694 censum
1492 2646 1552 2693 ve·

185 2719 328 2791 niebunt
353 2719 414 2818 (cf.
441 2721 567 2817 Peter,
594 2737 780 2798 comment.
809 2727 886 2799 erit.
909 2726 954 2798 de
982 2727 1075 2797 Xon.
1101 2723 1197 2797 Hell.
1228 2750 1265 2820 p.
1292 2718 1339 2796 ⁷1
1368 2720 1476 2821 sqq.)⁸

285 2816 311 2890 2
353 2826 437 2897 Non
463 2826 598 2922 scripta
623 2837 679 2897 est
703 2829 803 2922 prior
826 2827 887 2897 illa
914 2825 1182 2899 llellenicorum
1207 2848 1292 2918 pars
1317 2825 1411 2895 intra
1439 2847 1552 2898 annos

184 2917 263 2991 599
278 2962 292 2977 -
335 2922 419 3018 aa,
458 2924 591 3023 quibias
618 2925 822 3020 Xenophon
840 2923 999 2995 nondum
1026 2925 1130 2996 exilio
1156 2923 1348 2994 muletatus
1375 2921 1551 2995 candidio·

186 3047 260 3092 rem
288 3021 402 3096 adhue
429 3050 514 3117 erga
537 3027 688 3120 patriam
715 3025 868 3094 animum
893 3023 1054 3117 gesserit.
1093 3023 1220 3093 Virum
1248 3021 1436 3116 egregium·
1455 3032 1490 3093 et
1515 3021 1552 3090 in

182 3120 237 3192 his
264 3146 420 3214 errasse,
445 3147 555 3219 snpra
580 3123 908 3195 demonstravimus.

283 3218 331 3392 δὲ
352 3225 433 3294 Jam
461 3224 498 3293 in
523 3224 643 3319 priore
668 3221 933 3295 Hellenicorum
949 3232 1052 3318 parte
1065 3247 1137 3295 non
1159 3220 1301 3320 quidem
1328 3220 1449 3318 prodit
1477 3223 1550 3292 ani-

65 3324 72 3333 “
184 3323 232 3392 mi
257 3323 307 3391 At
332 3321 533 3394 eniensibns
559 3322 699 3414 infesti3
725 3321 787 3394 sed
815 3332 932 3394 tamen
951 3323 1238 3394 Lacedaemoniis
1254 3324 1426 3418 propensi
1440 3323 1550 3414 signa.

182 3421 315 3513 Magna
348 3424 439 3494 enim
470 3450 550 3495 eum
583 3423 768 3520 voluptate
798 3424 1005 3496 immoratur
1037 3422 1281 3495 Callicratidae
1318 3421 1428 3493 rebus
1468 3445 1550 3492 nar·

184 3520 323 3619 randis3
348 3526 411 3597 sed
439 3524 483 3598 ef.
510 3520 749 3622 inlrag.12

285 3625 380 3696 Hine
415 3626 666 3724 consequitur,
699 3649 774 3696 uon
800 3623 938 3700 adesse
960 3621 1167 3716 discrimen,
1201 3620 1301 3722 quod
1332 3619 1548 3696 Niebuhrius

185 3727 309 3799 statuit
333 3723 380 3823 ²).
430 3727 506 3799 Nee
531 3726 636 3797 etiam
664 3728 778 3796 oratio
807 3726 1000 3824 quidquam
1026 3724 1239 3797 diversitatis
1264 3723 1383 3798 habet.
1430 3725 1481 3795 At
1506 3748 1549 3794 eo

185 3823 327 3901 differm
357 3826 521 3903 videntur
555 3839 675 3924 partes
711 3826 812 3918 illae,
854 3826 951 3925 quod
986 3826 1022 3895 in
1057 3826 1177 3922 priore
1218 3825 1275 3898 vel
1315 3824 1550 3898 minutissima

185 3950 348 4028 quaeque
375 3940 412 4000 et
439 3929 586 4001 maxime
614 3927 814 4025 complicita
840 3927 1050 4024 plerumque
1077 3940 1239 3999 accurate
1265 3925 1468 3999 referuntur
1496 3925 1547 4013 id·

187 4052 258 4123 que
282 4033 352 4123 ita,
392 4041 433 4103 ut
466 4032 560 4102 l‘aeta
589 4031 712 4101 stricte
744 4053 893 4103 narrans
929 4053 1045 4127 neque
1072 4052 1118 4099 ex
1143 4040 1274 4126 suopte
1298 4028 1440 4121 ingenio
1467 4048 1547 4097 sen·

185 4131 368 4204 tentiolam
399 4129 576 4232 quandam
610 4130 799 4204 admisceat
832 4139 973 4223 auctor,
1015 4153 1131 4229 neque
1156 4127 1305 4225 singulis
1334 4124 1546 4231 quibusdam

218 4479 247 4548 l)
289 4482 330 4536 CI·
351 4483 470 4546 weida,
488 4486 606 4556 Xenoph.
622 4485 736 4560 Scripta.
770 4487 829 4540 vot.
848 4486 892 4542 Ν.
911 4505 939 4558 p·
959 4487 1070 4542 xxvn.

215 4581 245 4648 2)
279 4583 442 4721 lssmffin·
460 4603 560 4641 nerum
577 4590 664 4642 lucere
685 4608 751 4644 sone
767 4593 846 4646 vtae·
868 4594 895 4641 et
910 4589 1009 4652 luetor3
1033 4590 1067 4643 cl·
1090 4589 1236 4643 ilistorirelr
1258 4584 1389 4658 philolog·
1424 4580 1542 4638 Studien.
