4612 5790
1292 489 1712 562 -22-..

735 709 796 770 aut
821 700 1012 792 interprete
1041 714 1132 786 opus
1158 691 1205 760 sit
1221 685 1267 786 ²).
1335 691 1385 759 At
1410 689 1537 759 mirum
1564 713 1636 761 non
1661 700 1734 779 est,
1784 690 1887 786 quod-
1907 688 1955 760 ab
1979 690 2093 761 ethica

602 809 605 813 ’
733 798 814 887 illa,
868 819 961 893 qnae
985 803 1096 861 totam
1129 791 1240 885 ipsius
1273 789 1379 861 vitam
1399 797 1624 883 penetraret,
1673 787 1791 861 indole
1815 814 1860 860 ne
1884 790 1920 859 in
1947 787 2093 859 historia

733 897 876 995 quidem
909 887 1092 964 scribenda
1125 888 1311 977 desciverit
1344 884 1406 984 (cf.
1440 911 1548 982 supra
1575 885 1610 984 5.
1635 883 1698 986 9,).
1773 891 1857 986 lpse
1889 889 1979 960 enim
2009 888 2093 959 dicit

733 996 828 1067 llell.
854 990 896 1081 7,
921 988 964 1082 2,
993 985 1041 1059 l.:
1093 992 1187 1057 (illd
1218 991 1291 1075 γὰρ
1317 993 1388 1056 τῶν
1413 991 1473 1070 μὲν
1499 993 1658 1073 μεγάλων
1684 993 1827 1071 πόλεων,
1873 992 1905 1058 el
1931 1014 1961 1058 τι
1987 992 2095 1056 καλὸν

734 1090 902 1168 ἔπραξαν,
927 1081 1111 1148 ἅπαντεςοὶ
1132 1088 1348 1163 συγγραφεῖς
1366 1082 1560 1162 μέμνηνται·
1584 1079 1654 1159 ἐμοὶ
1675 1079 1713 1144 δὲ
1736 1080 1904 1148 δοκεῖκαὶ
1924 1082 2091 1158 eleasar·

732 1172 804 1251 und
825 1171 921 1233 πόλις
940 1163 1031 1232 οὖσα
1050 1164 1163 1230 πολλὰ
1182 1164 1242 1228 καὶ
1261 1163 1355 1229 καλὰ
1377 1165 1466 1247 ἔργα
1483 1165 1749 1242 διαπέπρακται,
1781 1165 1826 1230 ἔτι
1844 1168 1976 1240 μᾶλλον
1997 1165 2096 1234 ἄξιον

732 1259 818 1332 εἶναι
830 1260 1034 1343 ἀποφαίνειν
1056 1254 1101 1326 es.
1127 1250 1165 1343 5,
1190 1248 1229 1343 2,
1257 1252 1293 1323 6.
1349 1253 1431 1323 Non
1458 1252 1604 1343 omittit,
1644 1251 1788 1350 siquid
1815 1250 1960 1324 ethicam
1986 1251 2094 1347 Spar·

732 1372 896 1429 tenorum
926 1352 1079 1424 indolem
1113 1349 1317 1447 (praecipue
1350 1352 1439 1424 enim
1467 1349 1650 1444 Spartanis
1684 1349 1900 1445 lectoribus,
1949 1354 2096 1424 maxime

732 1456 899 1550 Agesilao
928 1455 1113 1546 scripsisse
1140 1449 1296 1540 videtur3
1327 1447 1372 1518 cl'.
1399 1447 1490 1517 inira
1515 1445 1550 1543 5.
1578 1444 1629 1517 11
1648 1444 1745 1543 sqq.)
1771 1473 1987 1548 sensumque
2012 1475 2094 1522 vere

733 1559 906 1628 Graccum
936 1550 1150 1647 prodiderit,
1199 1574 1231 1616 v.
1258 1571 1288 1618 c.
1317 1547 1354 1615 in
1381 1545 1623 1617 Callicratidan
1653 1543 1800 1616 historia
1829 1545 1864 1637 1,
1891 1547 1930 1641 6,
1958 1547 2017 1620 11.
2046 1547 2096 1620 11

733 1680 830 1849 il’g
855 1642 1248 1820 1911111111
1267 1641 1325 1812 “l
1354 1643 1606 1816 'altili'
1619 1645 2097 1818 elsslllffildllliffiit

732 1782 811 1923 dem
846 1852 883 1919 iu
915 1799 954 1919 rb
985 1775 1198 1943 impidlatem
1223 1793 1262 1934 2:
1289 1793 1329 1934 2:
1353 1839 1390 1913 5.
1420 1796 1481 1913 10.
1552 1844 1708 1935 Agesilai
1738 1843 1783 1915 dc
1818 1855 1921 1938 capta
1946 1844 2096 1917 Cadmea

732 1949 1049 2037 ratiocinationem,
1093 1970 1137 2014 ex
1159 1966 1230 2037 qua
1256 1941 1493 2037 quodcunque
1519 1943 1606 2025 utile
1631 1939 1845 2038 reipublicae
1871 1945 1937 2033 sit,
1981 1943 2096 2016 faeere

733 2042 905 2142 liceat³)‚
932 2047 1035 2115 tacite
1061 2042 1199 2114 videtur
1224 2036 1396 2134 probare,
1435 2042 1512 2136 ipse
1539 2043 1629 2112 euim
1655 2043 1692 2112 in
1712 2042 1905 2112 blemorab.
1930 2040 1969 2132 5,
1996 2041 2034 2133 2,
2063 2041 2096 2112 l.

733 2149 835 2218 dicit:
872 2147 1112 2226 στρατεύονται
1135 2143 1188 2220 δὲ,
1226 2139 1285 2204 ἵνα
1304 2147 1507 2222 κρατοῦντες
1526 2148 1596 2207 τῶν
1617 2145 1785 2222 πολεμίων
1811 2144 2099 2225 εὐδαιμονέστεροι

735 2245 797 2314 ὦσι
819 2255 853 2315 et
881 2252 1003 2338 putat,
1055 2264 1258 2338 quanquam
1294 2238 1389 2309 domi
1413 2238 1601 2311 mendaciis
1630 2239 1754 2311 fallere
1780 2237 1936 2311 homines
1957 2242 2097 2338 justitia

619 2382 623 2391 .
733 2355 847 2433 vetet,
898 2341 986 2410 foris
1016 2352 1132 2412 tamen
1166 2339 1235 2412 boc
1266 2338 1441 2410 interdum
1474 2364 1581 2436 posse
1613 2338 1700 2411 utile
1734 2349 1770 2408 et
1798 2336 1929 2409 bonum
1957 2366 2035 2413 esse
2048 2340 2096 2438 ⁴).

733 2440 971 2514 Nihilominus
1009 2450 1126 2511 tamen
1162 2453 1289 2536 postea
1323 2464 1432 2534 quum
1465 2464 1523 2511 res
1561 2438 1653 2511 male
1690 2436 1850 2528 caderet,
1905 2442 2096 2530 grandibus

734 2539 853 2614 verbis
879 2538 967 2610 deos
996 2540 1044 2608 ait
1068 2537 1222 2610 foederis
1249 2538 1333 2608 laesi
1358 2562 1492 2632 poenas
1518 2551 1679 2633 repetere
1705 2562 1725 2607 a
1751 2538 2033 2614 Lacedaemoniis
2051 2539 2097 2640 5).
2187 2586 2192 2590 -

735 2643 810 2710 Cur
835 2637 1041 2730 sapientiam
1071 2634 1162 2703 banc
1187 2660 1259 2704 non
1283 2634 1347 2703 illo
1378 2635 1459 2706 loco
1484 2635 1726 2730 exprompsit?
1804 2636 1875 2707 Sed
1903 2636 2019 2714 bonus
2045 2669 2100 2715 se·

734 2761 805 2808 nex
829 2759 950 2807 amore
978 2756 1101 2804 caecus
1127 2756 1200 2803 non
1224 2732 1363 2803 videtur
1388 2734 1528 2830 eulpam
1553 2732 1709 2824 Agesilai
1734 2733 1968 2831 intellexisse3
2019 2767 2098 2835 per-

735 2838 788 2931 git
812 2837 904 2907 enim
928 2832 1034 2931 hujus
1048 2834 1228 2914 ⁴virtutem
1249 2833 1376 2904 mirum
1401 2858 1507 2932 mam
1533 2832 1706 2905 extollere
1721 2827 1791 2931 6).Ι
1819 2835 1871 2905 At
1895 2839 2099 2934 saepissime

735 2935 878 3008 moralis
906 2933 975 3004 ista
1000 2931 1172 3004 cantilena
1199 2932 1404 3005 decantatur
1430 2931 1476 3004 ab
1508 2932 1678 3007 historico
1695 2928 1741 3030 ⁷).
1817 2932 1972 3008 Maxime
1998 2942 2100 3031 genio

736 3058 804 3106 suo
831 3033 992 3129 indulget
1016 3029 1136 3123 1,1.,
1188 3029 1251 3103 nbi
1275 3029 1311 3129 5.
1337 3028 1374 3103 5.
1400 3031 1445 3104 de
1470 3032 1576 3105 caede
1606 3034 1815 3131 optimatum
1841 3031 2103 3112 Corinthiorum

735 3138 789 3206 ira
817 3131 1035 3219 effervescit,
1070 3129 1106 3224 5.
1132 3127 1191 3199 19.
1217 3131 1388 3222 laetatur,
1432 3133 1529 3228 quod
1554 3131 1738 3229 Spartanis
1763 3132 1840 3201 suis
1865 3147 1920 3207 tot
1943 3134 2100 3211 homines

739 3230 898 3305 occidere
927 3227 1085 3316 licuerit,
1137 3237 1173 3298 et
1203 3228 1331 3320 gaudio
1365 3229 1411 3297 de
1438 3230 1584 3299 victoria
1616 3254 1737 3301 eorum
1768 3228 1939 3330 abreptus
1974 3237 2100 3310 festiva

738 3327 932 3405 acerbitate
955 3325 1048 3398 ludit
1074 3324 1194 3396 verbis
1223 3330 1329 3409 omont
1351 3332 1449 3395 σίτου
1473 3338 1509 3398 et
1537 3330 1643 3410 σωροὶ
1662 3336 1808 3409 νεκρῶν,
1836 3332 1870 3431 g
1896 3332 1956 3405 15,
1982 3338 2100 3409 verbis

740 3437 856 3499 δίοδον
877 3430 1012 3508 ἱκανὴν,
1064 3452 1174 3523 quum
1200 3428 1285 3496 satis
1312 3426 1427 3496 diruta
1453 3428 1590 3499 moenia
1613 3429 1744 3523 luisse,
1799 3430 2099 3532 518193αῐιιη

741 3526 886 3626 ῑιιιιο5.
915 3522 974 3597 16.
1003 3550 1228 3621 summopere
1253 3524 1449 3597 delectatur
1473 3525 1606 3599 robore
1633 3541 1668 3600 et
1693 3530 1880 3605 velocitate
1906 3535 2099 3611 Laconicae

734 3627 933 3727 juventutis
962 3628 1079 3718 grans
1106 3638 1321 3717 armaturae,
1359 3650 1449 3725 quae
1476 3628 1648 3702 currendo
1674 3631 1845 3727 peltastas
1869 3641 2097 3733 superaverit,

747 3832 770 3839 ι..
797 3829 948 3838 ,αι--..Μ
961 3827 1047 3834 ω-..ο

775 3927 806 3988 2)
841 3922 951 3976 Weiske
970 3922 1087 3991 Xenopb.
1113 3923 1326 3996 senipetam.
1352 3946 1378 3998 p.
1397 3927 1479 3982 xtvt
1497 3947 1552 3999 sqq.

774 4022 807 4086 ὅ)
842 4020 873 4088 a,
889 4020 916 4082 2,
931 4020 978 4073 δί.
1118 4075 1123 4084 ,
1201 4088 1205 4092 .

776 4121 812 4185 1)
845 4121 938 4173 Disaen
953 4124 987 4174 de
1006 4121 1174 4192 pbilosophis
1191 4144 1255 4178 mor.
1272 4130 1300 4178 in
1319 4129 1436 4198 Xeunpb.
1456 4132 1490 4181 dc
1510 4129 1617 4182 Socrate
1635 4148 1727 4186 comm.
1748 4136 1816 4185 trad.
1842 4152 1867 4203 p.
1886 4134 1932 4187 at.
2019 4193 2022 4198 .

778 4222 810 4288 a)
843 4220 871 4283 a,
888 4219 919 4284 a,
936 4221 961 4273 ι.
1589 4210 1592 4219 ’

778 4320 811 4390 θ)
845 4320 916 4388 list,
936 4320 979 4372 5⁷.
1007 4323 1035 4383 ὅ,
1053 4323 1099 4374 11.
1118 4323 1164 4374 20.

777 4420 1319 4489 neumanensis.
1391 4400 1393 4404 ’
