4584 5796
1067 606 1321 680 .-.10..

512 796 682 890 memorat
708 811 933 910 Thucydides
961 806 1015 904 (5,
1047 805 1165 907 litt),
1221 812 1357 879 Aetnae
1390 810 1594 906 eruptiones
1634 836 1706 882 nou
1739 834 1780 882 ea
1816 837 1872 881 re·

509 917 655 989 serenda
681 921 769 1004 est,
823 911 925 1008 eujus
965 911 1108 982 Diodor.
1147 908 1217 981 suh
1250 910 1308 980 01.
1333 906 1397 1000 96,
1425 906 1458 980 1.
1500 911 1710 983 mentionem
1751 909 1872 1007 injicit.

510 1014 603 1086 Sunt
634 1013 726 1085 enim
753 1012 957 1108 eruptiones
983 1010 1065 1083 illae
1090 1009 1147 1081 Ol.
1173 1005 1292 1100 7111.
1328 1004 1394 1101 80,
1426 1006 1509 1106 11)
1539 1022 1574 1083 et
1596 1006 1660 1102 88,
1686 1008 1723 1081 5.
1749 1010 1873 1082 tactae.
2013 1073 2016 1080 .

508 1113 662 1186 lllediam
687 1114 811 1203 istam,
847 1136 954 1207 quam
980 1122 1016 1183 et
1042 1109 1199 1201 Scaliger
1222 1109 1425 1202 iutelligit,
1448 1112 1699 1206 incompertam
1728 1109 1872 1208 Thucy·

508 1212 582 1284 didi
607 1213 735 1305 fuisse,
779 1225 908 1283 temere
921 1209 1113 1285 contendit
1136 1208 1309 1281 Dodwell.
1367 1211 1415 1282 Et
1440 1210 1619 1308 quomodo
1646 1207 1871 1308 Thucydides

508 1311 576 1384 sub
611 1338 703 1382 anno
742 1311 828 1383 helli
854 1310 1107 1406 Peloponnesii
1140 1320 1241 1379 sexto
1277 1307 1321 1380 de
1352 1313 1561 1405 eruptione,
1611 1320 1697 1406 post
1729 1312 1871 1406 triginta
1925 1343 1929 1351 ·

508 1437 619 1484 anuos
644 1412 755 1504 iactu,
782 1421 864 1507 apte
889 1409 1045 1483 scrihere
1064 1408 1240 1505 potuisset
1265 1411 1400 1494 λέγεται
1419 1415 1644 1492 rependebat?

411 1596 416 1604 ι
609 1512 799 1600 Quaeritur
825 1535 938 1600 nunc,
972 1506 1154 1606 quomodo
1181 1519 1217 1579 et
1243 1506 1385 1604 quando
1405 1507 1555 1578 ,rehctos
1581 1507 1800 1607 Thucydidis
1827 1507 1868 1578 li·

504 1609 592 1683 bros
621 1620 831 1682 consecutus
859 1611 907 1683 sit
919 1606 1145 1704 Xenophon,
1169 1607 1205 1678 id
1221 1609 1313 1679 enim
1340 1608 1443 1698 scire,
1469 1608 1586 1696 magni
1612 1610 1780 1679 momenti
1801 1622 1870 1696 est,

507 1722 547 1782 ut
572 1724 697 1808 postea
722 1707 869 1805 patebit
920 1706 1134 1779 Niehuhrius
1161 1705 1247 1801 (1.1.
1273 1732 1308 1801 p.
1319 1703 1423 1802 167.)
1451 1708 1584 1802 primos
1607 1706 1697 1779 duos
1712 1706 1869 1778 Helleni·

506 1835 628 1882 corum
659 1806 772 1881 libros
807 1810 899 1879 intra
933 1808 1055 1879 decem
1093 1805 1242 1877 millium
1280 1804 1423 1876 illorum
1458 1805 1610 1878 reditum
1648 1820 1684 1879 et
1714 1808 1870 1900 Agesilai

505 1936 550 1980 ex
572 1911 658 1978 Asia
691 1910 728 1976 in
754 1910 931 2001 Europam
964 1905 1222 2002 profectionem
1248 1901 1511 2001 (otto-594.)
1544 1909 1765 2004 conscriptos
1792 1934 1870 1981 esse

357 2088 360 2095 ¹
494 2009 638 2079 statuit.
703 2005 773 2077 Sed
800 2004 980 2101 quomodo
1004 2016 1080 2076 tum
1106 2005 1321 2075 innotuerint
1347 2006 1595 2100 Xenophonti,
1637 2034 1730 2104 quos
1758 2013 1869 2081 couti-

504 2119 652 2200 uuaret,
692 2105 910 2204 Thucydidis
937 2104 1039 2177 libri?
1098 2107 1145 2176 Et
1172 2130 1214 2175 co
1241 2114 1401 2198 tempore
1429 2130 1471 2176 ue
1497 2107 1608 2175 otium
1636 2107 1777 2202 quidem
1802 2111 1870 2203 ipsi

504 2218 595 2299 erat,
623 2219 664 2277 ut
689 2205 814 2278 studiis
841 2204 1081 2297 incumberet,
1118 2204 1217 2303 quod
1240 2203 1315 2302 jam
1340 2214 1436 2276 recte
1461 2205 1599 2276 monuit
1624 2205 1798 2277 Dodwell.
1827 2208 1866 2303 (l.

491 2304 554 2403 1.).
605 2309 731 2402 Neque
754 2308 856 2377 etiam
882 2305 962 2378 inde
989 2305 1183 2405 quidquam
1206 2305 1412 2401 prolicitur,
1440 2305 1537 2402 quod
1563 2303 1733 2378 Niebuhr.
1760 2305 1866 2406 (1.1.)

502 2405 775 2503 Xenophontem
807 2416 888 2477 ante
920 2432 1077 2502 pugnam
1103 2406 1261 2480 Cnidiam
1287 2400 1406 2502 (591.)
1432 2404 1581 2476 Athenis
1615 2405 1868 2506 aliquantisper

501 2518 679 2579 versatum
709 2504 820 2578 videri
853 2507 945 2576 dicit.
1017 2509 1097 2577 lloc
1130 2509 1222 2579 enim
1246 2532 1321 2575 non
1347 2504 1480 2576 sactum
1506 2531 1675 2600 essehoc
1700 2508 1776 2580 lieri
1801 2536 1866 2607 po·
1899 2552 1902 2563 ·
1948 2506 1958 2525 ⁸

500 2608 629 2694 tuisse,
673 2630 785 2699 supra
809 2604 959 2673 vidimus
989 2601 1040 2701 (§·
1066 2602 1128 2701 1.).
1180 2603 1354 2674 Dodwell.
1383 2629 1463 2673 cum
1489 2605 1623 2697 majore
1652 2609 1726 2678 veri
1750 2612 1866 2706 speeie

500 2731 578 2777 eum
601 2701 818 2802 Thucydidis
843 2700 955 2772 lihros
982 2728 1001 2771 a
1028 2702 1106 2774 liliis
1134 2703 1177 2774 ad
1204 2727 1243 2772 se
1267 2703 1303 2770 111
1329 2726 1508 2773 secessum
1530 2705 1780 2780 Seilluntinum
1806 2706 1882 2783 ve?

498 2802 674 2875 nientibus
710 2802 887 2898 accepisse
918 2802 1072 2900 conjicit.
1142 2802 1400 2900 ecquomodo
1430 2805 1630 2898 acceperint
1654 2832 1716 2878 eos
1742 2809 1865 2883 Xeno·

497 2902 641 3001 phontis
666 2902 756 2996 ffliit
806 2927 827 2972 a
853 2902 1062 2996 Timotheo,
1115 2902 1331 3004 Thucydidis
1357 2901 1454 2994 filio,
1505 2916 1664 2978 autumat
1691 2908 1865 2984 Dodwell.
1932 2969 1936 2980 .

497 3007 572 3078 Cur
599 3029 683 3077 vero
710 3001 941 3100 Xenophonti
966 3005 1190 3100 potissimum
1222 3026 1284 3076 eos
1307 3003 1510 3101 tradiderit,
1561 3031 1665 3105 quem
1692 3007 1864 3085 nihildum

348 3122 361 3135 ‘
495 3104 723 3176 historiarum
749 3105 936 3195 scripsisse
969 3104 1048 3195 ipse
1072 3092 1246 3175 Dodwell.
1280 3104 1402 3199 ponit,
1444 3130 1619 3202 quemque
1644 3107 1862 3209 Thucydidis

497 3201 730 3274 semiharitate
755 3223 858 3268 usum
875 3199 1016 3291 luisse,
1042 3199 1128 3269 nihil
1150 3201 1320 3294 spondet,
1349 3204 1420 3272 imo
1448 3206 1539 3276 vitae
1559 3217 1594 3275 et
1620 3208 1749 3299 ingenii
1776 3216 1864 3284 utri·

496 3326 610 3398 usque
634 3298 820 3370 diversitas
852 3299 1052 3395 repugnat?
1076 3339 1129 3353 -
1181 3308 1217 3370 et
1250 3300 1335 3396 quid
1371 3311 1447 3372 tum
1477 3301 1586 3374 verba
1614 3304 1696 3376 illa:
1743 3315 1866 3395 βιβλία

494 3396 731 3478 amedera·
767 3400 958 3486 anassem
977 3402 1184 3481 δυνάμενοςὶ
1259 3401 1389 3473 1111111111
1417 3427 1521 3495 vero,
1575 3430 1681 3502 quam
1714 3405 1894 3506 pulchre

495 3499 611 3570 omnia
636 3497 841 3588 contingant
865 3523 909 3571 ex
935 3496 1112 3569 llodwelli
1146 3500 1301 3573 ratione:
1354 3503 1412 3576 01.
1437 3501 1514 3604 97)
1539 3509 1691 3579 moritur
1717 3511 1861 3614 Thucy·
1938 3531 1948 3545 ⁸

494 3597 613 3690 dides,
666 3596 723 3668 01.
748 3593 813 3688 97,
843 3595 876 3666 1.
902 3607 1033 3668 emtum
1059 3602 1319 3696 est÷praedium
1346 3604 1407 3687 (ci.
1431 3631 1540 3702 supra
1566 3604 1602 3705 §j
1629 3606 1663 3679 1.
1695 3611 1739 3683 N.
1769 3608 1858 3708 111),

494 3723 566 3795 quo
590 3698 686 3769 facto
712 3698 876 3768 Dioscuri
900 3695 973 3788 illi,
986 3694 1249 3796 ‘Xenophontis
1277 3704 1359 3798 lilii,
1394 3704 1604 3801 adveniunt,
1640 3709 1857 3813 Thucydidis

492 3795 627 3888 libros,
654 3820 747 3892 quos
774 3795 879 3869 modo
905 3802 1104 3892 acceperint
1132 3827 1276 3876 necesse
1302 3817 1375 3896 est,
1410 3819 1605 3903 portantes.

590 3895 707 3966 Aliam
729 3898 837 3989 igitur
856 3898 949 3970 111111
965 3897 1181 3997 indagemus.
1222 3903 1447 4005 Thucydides
1464 3910 1601 3982 occisus
1621 3924 1698 3984 erat
1712 3913 1858 4014 Scapte-

491 3997 608 4087 sulae,
660 4021 732 4099 uon
764 3998 802 4067 ia
833 3999 978 4107 Attica..
1039 4004 1180 4077 Diserte
1211 4006 1303 4079 illud
1341 4008 1448 4091 tradit
1477 4009 1573 4082 Plut.
1601 4013 1753 4107 (Cimon.
1780 4000 1852 4109 hl:

489 4091 762 4171 salernetanus
786 4091 848 4173 μὲν
868 4096 906 4160 ἐν
930 4118 972 4181 ap
994 4098 1146 4185 Σκαπτῇ
1161 4100 1229 4186 ὕλη
1261 4104 1374 4181 (τοῦτο
1404 4104 1436 4169 δ’
1459 4104 1525 4170 ἔστι
1546 4115 1603 4189 τῆς
1630 4108 1765 4198 &sadans
1784 4138 1851 4195 χω.

489 4176 579 4261 pter)
601 4174 752 4259 λέγεται,
781 4178 957 4263 φονευθεὶς
978 4180 1063 4248 ἐκεῖ·
1101 4186 1270 4284 μνῆμαίθ
1290 4182 1416 4271 αὐτοῦ,
1446 4192 1517 4255 τῶν
1536 4193 1705 4271 λειψάνων
1725 4201 1770 4264 ets
1792 4202 1851 4284 τὴν

451 4524 454 4532 .
521 4493 560 4562 4)
588 4492 1106 4640 {tbppoffee'rrphaeffillmill
1124 4505 1177 4562 Sic.
1200 4506 1313 4579 psffl.
1353 4510 1387 4565 et.
1406 4513 1527 4588 liniger,
1552 4516 1780 4600 Untenuchungen
1803 4529 1847 4585 ab.
