4612 5790
1119 509 1374 595 ...52-

561 735 705 834 quitur,
755 730 827 797 imo
852 722 1035 799 ·iuxuriari
1068 721 1207 798 ridetur
1239 748 1275 795 v.
1300 747 1331 797 c.
1363 723 1401 797 iu
1429 725 1665 803 'describenda
1688 729 1931 832 trepidatione

560 845 646 933 post
671 827 806 908 cladem
829 821 876 895 ad
901 827 1395 924 Aegospotamos'acceptarn
1413 827 1564 904 Athenis
1590 841 1736 924 exem,
1769 831 1834 906 sed
1859 858 1932 907 non

559 935 646 1005 satis
673 935 859 1001 accuratus
887 935 959 1018 est,
986 925 1049 998 ubi
1076 925 1257 1025 quomodo
1281 922 1515 1003 Athenienses
1542 956 1622 1004 cum
1643 930 1930 1007 Laoedaemoniis

557 1030 602 1103 de
630 1053 718 1127 pace
744 1027 981 1120 transegerint
1002 1038 1126 1099 'narrat
1154 1025 1207 1123 (2,
1233 1024 1270 1118 2,
1300 1022 1348 1097 11
1371 1027 1483 1129 sqq.)
1539 1033 1594 1104 De
1616 1030 1812 1106 factionum
1840 1034 1962 1121 enirn¹

555 1135 594 1202 in
618 1126 801 1226 republica
829 1127 1031 1199 conditione
1056 1126 1141 1198 nihil
1166 1127 1241 1198 fere
1273 1127 1310 1196 in
1337 1130 1491 1203 medium
1512 1132 1664 1229 profert.
1740 1133 1868 1230 Lysias
1893 1133 1933 1202 in

552 1233 705 1325 'Agorat
728 1253 765 1326 p.
783 1222 872 1299 451.
898 1229 935 1297 in
960 1226 1141 1301 Eratostb.
1169 1252 1205 1324 p.
1223 1222 1311 1297 427.
1337 1232 1470 1303 rectius
1495 1232 1592 1304 istud
1616 1233 1774 1328 exponit.
1824 1232 1931 1304 Patet
2023 1264 2024 1269 ¹

554 1333 665 1423 enim,
719 1330 857 1420 legatos
883 1324 1151 1398 Atheniensium
1177 1325 1362 1397 Sellasiam
1397 1334 1583 1427 profectos
1609 1358 1682 1405 non
1709 1354 1789 1403 esse
1813 1356 1854 1403 re
1877 1333 1930 1400 in.

554 1432 648 1503 teau
674 1426 719 1499 ab
745 1425 899 1524 Ephoris
925 1426 1115 1516 remissos,
1163 1424 1263 1524 quod
1288 1426 1494 1524 Xenophon
1521 1433 1622 1523 vult,
1663 1456 1788 1513 verum
1812 1430 1930 1503 condi·

554 1532 668 1605 tiones
693 1529 791 1624 pacis
817 1536 1023 1621 reportasse
1051 1549 1129 1617 eas,
1172 1548 1264 1622 quas
1290 1523 1427 1622 315,
1471 1533 1648 1603 nescimus
1673 1531 1788 1622 unde,
1832 1553 1930 1603 acce·

549 1631 649 1728 pisse
674 1626 911 1700 Athenienses
936 1623 1113 1697 dicuntur.
1164 1625 1260 1715 Has,
1301 1635 1342 1696 ut
1368 1652 1388 1699 e
1413 1631 1522 1729 Lysia
1547 1641 1667 1727 patet,
1704 1629 1930 1724 Cleophonte

552 1728 748 1824 demagogo
775 1736 921 1799 auctore
945 1725 1199 1823 repudiarunt,
1237 1723 1435 1825 eodemque
1461 1741 1625 1821 auctore,
1662 1738 1772 1825 puto,
1797 1730 1931 1814 ἐγένετο

551 1835 728 1915 ψήφισμα,
766 1829 815 1909 μὴ
838 1830 965 1898 ἐξεῖναι
984 1826 1064 1909 napi
1083 1828 1215 1893 τούτων
1235 1827 1481 1909 ξυμβουλεύειν
1498 1827 1541 1927 ¹).
1601 1831 1682 1918 Quo
1710 1827 1806 1898 facto
1833 1821 1929 1896 The·

551 1946 711 1998 ramenes
739 1948 820 1994 cum
846 1922 922 1991 aliis
957 1921 1171 2017 quibusdam
1197 1922 1448 1998 democratiam
1480 1940 1638 2002 evertere
1664 1927 1809 1999 molitus
1836 1921 1929 2020 (Sie-

551 2048 633 2097 vers
660 2047 697 2120 p.
725 2018 778 2094 dh
804 2018 903 2120 sqq.)
937 2019 1089 2119 ideoque
1113 2021 1473 2098 Lacedaemoniorum
1506 2030 1638 2102 auxilio
1665 2029 1737 2120 uti,
1788 2034 1825 2097 et
1849 2047 1927 2093 mu·

552 2147 614 2198 ros
647 2123 797 2216 longos,
849 2123 983 2219 quippe
1017 2121 1256 2194 firmissimum
1287 2124 1521 2200 democratiae
1555 2129 1737 2215 columen,
1791 2120 1930 2194 destrui

552 2225 718 2322 cupiens,
772 2220 899 2295 callide
933 2233 969 2293 ct
1007 2221 1143 2319 perfide
1176 2244 1241 2292 sua
1277 2224 1493 2321 reipublicae
1535 2226 1652 2298 officia
1695 2219 1928 2298 commendat.
1976 2299 1982 2304 ,

411 2383 413 2388 -
550 2326 749 2401 Dimittitur
780 2347 802 2392 a
834 2321 979 2396 credulo
1013 2320 1151 2421 populo
1191 2326 1399 2407 πρεσβευτὴς
1430 2327 1667 2407 αὐτοκράτωρ.
1736 2324 1818 2395 Jam
1861 2343 1929 2415 per

552 2425 629 2526 ejus
654 2425 784 2496 amicos
813 2421 864 2519 (in
898 2448 1052 2520 quorum
1083 2445 1233 2493 numero
1261 2419 1429 2520 Satyrum
1455 2422 1717 2519 Cephisiensem
1742 2418 1927 2493 retulerim

549 2527 634 2624 qu.
664 2536 779 2594 contr.
803 2524 941 2591 Nicom.
967 2548 1004 2615 p.
1028 2517 1133 2617 847.)
1161 2521 1322 2593 emedio
1349 2520 1491 2594 tollitur
1516 2521 1715 2617 Cleophou,
1741 2521 1840 2619 pacis
1864 2517 1927 2589 ad·

550 2621 728 2694 versmius
757 2629 955 2713 perpetuus
973 2616 1031 2711 Ξ)-,
1075 2631 1112 2686 et
1139 2618 1358 2708 oligarchicis
1385 2622 1537 2693 istorum
1563 2622 1718 2694 consiliis
1742 2620 1927 2692 vehemen-

551 2733 605 2794 ter
629 2718 817 2808 obnitens,
846 2712 948 2812 cujus
974 2724 1125 2786 mortem
1150 2713 1374 2787 incommodo
1402 2717 1484 2797 loco
1513 2717 1549 2811 1,
1570 2720 1607 2812 7,
1625 2717 1686 2792 55.
1712 2722 1828 2813 tetigit
1852 2718 1927 2788 Xe·

551 2817 707 2919 nophon.
758 2814 1022 2905 Theramenes,
1063 2823 1226 2908 tempora
1251 2839 1317 2885 sua
1344 2819 1530 2913 opperitus
1558 2817 1675 2916 (qnod
1698 2821 1777 2915 ipse
1802 2820 1960 2890 Xeno·

549 2921 647 3020 phon
671 2918 834 3013 indigitat
859 2914 895 3014 S.
923 2911 1003 3006 to,
1029 2914 1239 3011 ceteroquin
1265 2915 1383 2986 velata
1407 2917 1524 2988 omnia
1550 2914 1793 3015 relinquens),
1819 2941 1927 3015 quan

548 3040 588 3096 to
613 3031 808 3119 postquam
833 3013 982 3087 adenis
1009 3012 1223 3087 discesserat
1247 3039 1369 3087 mense
1393 3016 1503 3088 redit:
1544 3028 1782 3089 commoratus
1809 3028 1928 3088 autern

549 3134 625 3193 crat
652 3118 747 3213 apud
772 3113 1000 3211 Lysandrum
1024 3114 1219 3185 secundum
1245 3108 1543 3211 Xenophontem,
1591 3117 1856 3190 Lacedaemone
1880 3141 1929 3187 ex

549 3219 678 3321 Lysiae
705 3212 926 3302 narratione,
978 3234 1051 3308 qua
1085 3213 1121 3278 in
1149 3236 1188 3281 re
1212 3211 1416 3308 Xenophon
1439 3216 1510 3286 fide
1543 3217 1681 3309 dignior
1707 3228 1780 3307 est,
1834 3241 1928 3313 quo·

550 3325 643 3392 niam
675 3319 726 3389 ita
752 3311 991 3387 Theramenes
1022 3308 1231 3406 opperiendi
1266 3321 1303 3381 et
1336 3312 1543 3408 speculandi
1576 3317 1763 3386 consilium
1796 3317 1925 3387 meiius

549 3419 679 3518 exequi
706 3424 859 3512 poterat.
908 3413 990 3484 dam
1015 3409 1109 3480 facili
1136 3409 1298 3503 negotio,
1325 3421 1367 3484 ut
1392 3410 1530 3505 legatus
1545 3413 1723 3511 -Spartum
1748 3416 1921 3508 mittatur,

548 3526 714 3618 impetrat
735 3512 781 3584 ab
809 3507 1107 3601 Atheniensibus,
1148 3509 1242 3582 fame
1267 3513 1414 3583 vexatis.
1478 3513 1596 3584 Affert
1627 3514 1724 3610 pacis
1750 3515 1925 3587 conditio·

548 3646 631 3712 ues,
657 3611 839 3716 prioribus
864 3610 978 3682 multo
1006 3608 1149 3708 pejores
1163 3607 1218 3700 5),
1244 3610 1347 3708 cujus
1369 3612 1426 3682 rei
1451 3613 1594 3708 cuipam
1621 3613 1834 3686 Therameni
1857 3617 1923 3686 im·

547 3729 652 3816 putat
675 3714 802 3814 Lysias
815 3707 865 3810 ⁴).
931 3711 1042 3784 Recte
1062 3732 1123 3782 eas
1151 3708 1297 3784 exhibet
1317 3710 1543 3810 Xenophon,
1596 3715 1664 3785 nisi
1689 3713 1789 3811 quod
1816 3738 1923 3790 unam

565 3913 854 3933 Μ

585 4037 614 4101 i)
649 4037 674 4103 5.
694 4031 737 4085 iii.
758 4031 791 4084 ci.
811 4029 899 4082 hreini
917 4029 951 4080 ad
969 4030 1030 4096 hys
1048 4029 1075 4080 iu
1092 4028 1201 4099 Agerat-
1219 4031 1238 4081 l.
1256 4030 1275 4080 l.

583 4137 616 4204 2)
650 4130 922 4269 ἓῶοιῖρηῖἶέῃ.
942 4127 984 4182 15
1003 4147 1042 4199 sq.
1085 4112 1217 4200 Hermann
1235 4128 1281 4181 Gr.
1299 4129 1453 4184 suranus.
1476 4149 1504 4202 p.
1521 4125 1589 4183 526.
1630 4124 1780 4184 Schneider.
1799 4131 1834 4182 ad
1852 4128 1920 4184 Xan.

581 4306 614 4372 5)
635 4302 691 4355 'Ch
708 4299 830 4352 Schneid.
848 4299 892 4349 sd.
908 4296 937 4363 2,
954 4297 983 4364 9,
1000 4298 1047 4349 20.

584 4406 617 4474 4)
652 4405 682 4456 in
698 4394 832 4455 Eratostbl
849 4394 917 4448 ⁴23.
