4612 5790
780 498 1029 571 ...21-

231 723 277 768 an
320 698 443 769 eodem
480 698 562 794 jure
594 697 821 795 Ephorornm
861 700 1118 797 Spartanorum
1154 703 1303 775 indicem
1343 702 1444 776 llell.¹
1472 699 1510 794 2,
1545 700 1586 793 3,

231 795 290 869 10.
315 796 597 892 interpolationis
631 801 771 870 nomine
798 813 1000 897 suspectam
1024 803 1214 874 reddiderit
1228 799 1278 899 ⁴).
1348 804 1395 874 Et
1420 826 1505 874 sane
1529 824 1586 870 ra-

227 898 339 968 tiones
380 898 482 968 all'ert
514 897 609 968 haud
647 900 873 994 spernendas.
951 906 1119 974 Attamen
1148 900 1395 974 discedendum
1427 926 1506 972 esse
1541 899 1587 970 ab

226 995 302 1091 ejus
328 999 500 1069 sententia
522 1007 625 1094 putat
649 998 797 1070 Sievers.
822 1000 847 1070 l.
874 1000 897 1070 l.
926 1025 962 1096 p.
987 999 1040 1092 7.,
1074 1000 1160 1073 haec
1184 1001 1323 1072 dicens:
1383 999 1439 1069 »Si
1464 1002 1585 1070 Xeno·

224 1095 323 1189 phou
346 1123 413 1194 per
436 1096 528 1170 duos
553 1099 691 1192 priores
718 1098 850 1190 libros,
888 1100 952 1169 ubi
977 1124 1149 1171 annorum
1175 1126 1220 1171 ex
1245 1100 1343 1170 initio
1368 1097 1455 1171 belli
1481 1097 1587 1169 Pelo·

224 1198 428 1289 pennesiaci
452 1199 647 1270 numeratio
673 1199 759 1268 satis
783 1197 885 1268 firma
910 1212 1017 1298 atque
1044 1199 1228 1271 commoda
1253 1209 1349 1289 erat,
1399 1197 1587 1269 ch'ronolo·

225 1296 283 1386 gia
310 1322 354 1368 ex
375 1294 529 1392 Epirotis
561 1296 667 1368 ducta
694 1321 781 1367 usus
810 1309 900 1389 erat,
951 1325 1014 1372 cur
1040 1325 1115 1372 eam
1146 1299 1301 1391 neglexit
1332 1323 1399 1395 per
1429 1296 1588 1393 reliquos

225 1392 357 1486 libros,
409 1394 472 1464 ubi
503 1395 603 1466 nullo
639 1398 807 1492 temporis
838 1409 1039 1489 momento,
1090 1399 1184 1470 unde
1210 1422 1321 1470 annos
1354 1407 1588 1492 computaret,

225 1492 481 1590 adjuvabatur?
554 1495 681 1592 ltaque
713 1520 787 1566 non
821 1495 945 1569 dubito
970 1497 1196 1593 Ephororum
1229 1523 1301 1569 non
1334 1498 1448 1566 minus
1482 1519 1588 1592 quam

223 1592 445 1663 Archontum
469 1595 608 1663 nomina
633 1621 702 1691 pro
729 1595 859 1690 spuriis
888 1595 1047 1668 hahere«
1129 1602 1180 1668 at
1204 1594 1272 1668 hoc
1304 1605 1512 1688 argumento
1538 1591 1589 1662 nil

224 1693 311 1762 certi
342 1690 488 1787 probari
519 1693 628 1765 uides.
705 1696 833 1763 Nonne
858 1695 1061 1789 Xenophon
1094 1721 1160 1789 per
1190 1698 1303 1792 ipsam
1338 1690 1588 1785 negligentiam

226 1791 401 1881 negligere
439 1803 564 1886 postea
597 1792 692 1861 illam
727 1792 992 1881 chronologiam
1024 1793 1170 1890 potuit?
1248 1791 1318 1863 Sed
1354 1793 1398 1864 cl'.
1431 1793 1516 1865 Rae.
1551 1793 1588 1860 in

225 1887 446 1984 Ephemerid.
473 1891 618 1963 llalcns.
646 1886 756 1962 1851.
793 1892 856 1962 Nr.
886 1887 971 1963 118.

855 2184 889 2295 g.
915 2192 950 2267 a.

632 2362 671 2411 lle
689 2362 798 2412 oonsilio
817 2365 842 2411 et
865 2361 953 2412 indole
971 2360 1173 2410 llellenicoranr.
1193 2420 1196 2427 1

325 2525 510 2614 Quodnam
535 2527 717 2598 eonsilium
743 2526 1010 2622 Xenophontis,
1060 2552 1221 2624 quaeque
1246 2525 1384 2596 indoles
1413 2527 1450 2594 in
1476 2523 1586 2594 histo·

224 2625 275 2696 ria
300 2629 433 2699 Graeca
458 2624 642 2697 scribenda
666 2628 792 2719 luerit,
820 2627 1023 2719 indigitasse
1048 2625 1211 2697 sufficiat.
1269 2623 1487 2717 Credideris,
1521 2624 1587 2694 ini·

222 2727 272 2796 tio
298 2751 377 2797 cum
406 2727 452 2803 de
483 2723 629 2797 historia
663 2727 852 2799 universali
886 2723 1141 2799 conscribenda
1175 2726 1367 2818 cogitasse,
1416 2733 1588 2797 memorat

220 2826 311 2896 enim
344 2850 401 2898 res
434 2838 536 2900 extra
564 2828 743 2899 Graeciam
777 2827 957 2922 propriam
989 2835 1127 2915 gestas,
1179 2847 1271 2919 quae
1304 2824 1405 2894 nullo
1436 2824 1587 2894 arctiore

218 2925 359 2997 vinculo
386 2928 569 3021 cumipse
596 2948 704 3021 opere
729 2949 796 2997 suo
822 2923 1031 3013 cohaerent3
1055 2922 1107 2991 sic
1132 2919 1179 2992 dc
1201 2921 1319 2990 Sicilia
1345 2931 1382 2991 et
1403 2921 1587 3012 Carthagi·

215 3022 397 3096 aiensibus
424 3022 461 3116 l,
488 3021 525 3115 l,
553 3020 710 3094 sub‘fin.
737 3021 774 3113 1,
799 3019 838 3113 5,
864 3020 940 3090 af.
981 3014 1020 3109 2,
1046 3014 1084 3108 2,
1112 3017 1192 3088 si.
1235 3013 1274 3111 2,
1299 3015 1340 3112 5,
1365 3014 1401 3089 5.
1426 3017 1471 3091 dc
1497 3017 1584 3090 Per·

218 3125 270 3193 sia
299 3121 336 3212 1,
361 3119 400 3209 2,
426 3146 456 3191 s.
480 3123 541 3191 lin.
567 3118 605 3212 1,
630 3118 670 3212 4,
694 3119 723 3191 5
747 3145 827 3217 sqq.
860 3118 898 3211 2,
927 3116 963 3210 1,
988 3115 1024 3187 8.
1051 3115 1128 3214 (ubi
1155 3120 1278 3189 miram
1302 3119 1474 3199 inscitiam
1498 3143 1599 3215 pro·¹

216 3220 315 3318 hat),
341 3219 386 3290 de
406 3219 643 3317 Lycophrona
666 3218 824 3290 Pheraeo
850 3216 888 3310 2,
914 3216 955 3309 5,
980 3215 1017 3287 1.
1083 3215 1155 3289 Sed
1179 3242 1263 3289 mox
1288 3227 1365 3311 tum
1389 3218 1585 3291 destitisset

68 3374 72 3379 -
219 3330 392 3416 accepto
418 3343 485 3391 suo
504 3315 585 3417 ¹)3,
607 3318 829 3394 verisimilius
855 3328 931 3408 est,
971 3342 1053 3388 eum
1083 3308 1172 3386 talia
1194 3318 1269 3414 jam
1293 3319 1446 3413 scriptae
1471 3318 1581 3390 histos

216 3421 289 3491 riae
311 3420 502 3492 inseruisse
530 3417 591 3517 (cl.
615 3442 725 3515 supra
750 3417 785 3517 5.
798 3415 868 3515 7.),
897 3417 947 3487 ita
969 3427 1011 3487 ut
1036 3426 1163 3512 postea
1184 3415 1368 3488 historiam
1392 3440 1493 3488 snum
1518 3442 1581 3488 vo·

218 3521 327 3592 luisse
352 3519 639 3593 universaliorem
664 3518 832 3610 reddere,
861 3528 897 3589 et
922 3518 958 3588 in
982 3515 1052 3588 hoe
1077 3515 1224 3589 consilio
1252 3516 1458 3615 exequendo
1483 3541 1578 3588 mor·

218 3633 255 3692 te
281 3643 477 3715 oppressus
509 3643 588 3691 esse
615 3619 785 3690 videatur.
861 3623 1024 3716 Apparet
1055 3626 1191 3708 autem,
1243 3640 1323 3688 eum
1351 3614 1436 3686 nihil
1461 3617 1578 3687 minus

217 3747 323 3818 quam
348 3720 600 3815 pragmaticum
625 3719 832 3813 scriptorem
858 3745 981 3813 agere,
1008 3715 1042 3786 h.
1069 3744 1098 3789 c.
1125 3741 1225 3808 eum,
1255 3717 1315 3812 qni
1342 3717 1577 3786 narrationem

214 3825 262 3894 ita
288 3820 509 3909 moderetur,
557 3828 599 3889 ut
623 3817 774 3890 lectores
803 3818 847 3888 ad
874 3819 1095 3914 prudentiam
1128 3841 1244 3888 rerum
1270 3815 1501 3910 gerendarum
1523 3819 1575 3886 in·

216 3924 339 3995 stituut
364 3918 432 4018 (uti
458 3916 719 4016 Thucydides),
746 3919 810 3991 sed
834 3942 952 3990 rerum
980 3927 1159 4015 gesturum
1183 3927 1418 4007 narratorem,
1446 3915 1490 3989 ad
1514 3941 1574 3988 cu·

214 4024 275 4120 jus
309 4021 526 4091 narrationes
559 4019 690 4091 utiliter
725 4019 988 4116 cognoscendas
1031 4018 1245 4115 pragmatico
1288 4018 1407 4111 potius
1440 4016 1573 4092 lectore

238 4245 241 4251 .
261 4242 365 4252 ...n-e--
373 4241 420 4249 ..-

248 4346 289 4434 n
316 4369 387 4421 rua
405 4369 474 4422 uua.
493 4388 519 4438 p.
539 4368 603 4421 aaa.
624 4371 656 4427 u.
676 4388 701 4426 ιι.
718 4373 771 4425 saa
787 4375 820 4428 a.
837 4375 914 4429 reta
929 4376 948 4429 ι.
966 4378 985 4430 1.
1002 4396 1029 4448 p.
1046 4377 1083 4431 aa
1100 4395 1155 4448 sqq.

248 4471 284 4534 1),
310 4468 418 4522 sienem.
440 4489 467 4540 p.
483 4469 504 4522 o
523 4487 561 4539 aq.
