4584 5796
1081 491 1335 567 ...ι-ἱ...

516 722 576 775 mo
609 700 647 769 in
679 692 827 791 historia
861 694 1011 786 diligens
1026 688 1100 790 ὃ),ι
1157 693 1221 793 qui
1255 690 1443 766 llellenica.
1474 717 1541 769 sua
1573 697 1619 770 ab
1646 700 1706 779 01.
1731 699 1821 799 toa,
1844 703 1886 780 ὅ.

514 792 606 872 370.
638 796 821 870 inchoasse
851 794 980 866 dicitur
1013 793 1217 867 aDiodoro
1246 789 1308 884 15,
1330 789 1396 866 60.
1485 797 1639 871 Vossius
1672 829 1708 900 p.
1733 800 1794 877 97.
1818 806 1888 880 hoe

516 922 609 996 opus
635 892 717 971 non
731 894 910 969 diversum
935 918 1014 966 esse
1041 905 1145 988 putat
1177 891 1223 964 ab
1252 892 1411 990 ejusdem
1426 895 1693 994 Macedonicis,
1742 904 1806 977 scd
1833 909 1886 978 in·

512 993 670 1097 juriassl.
734 999 826 1068 Nam
851 993 949 1091 qnod
971 993 1162 1066 Schneider
1189 991 1229 1091 (l.
1254 992 1279 1064 l.
1304 1019 1340 1088 p.
1367 994 1457 1066 xiv
1478 994 1549 1094 sq.)
1575 1023 1632 1071 res
1658 1000 1705 1071 ah
1730 1003 1886 1077 Alcibia-

514 1098 559 1171 de
583 1110 619 1170 et
642 1097 830 1196 Lysandro
857 1104 975 1187 gestas
1001 1095 1145 1189 copiose
1171 1093 1346 1165 alturido
1371 1105 1532 1166 narratas
1562 1122 1641 1170 esse
1666 1099 1813 1199 ohjieit,
1850 1106 1887 1179 id

513 1222 587 1272 nou
611 1199 722 1288 magis
747 1198 785 1266 in
808 1194 1066 1285 Macedonicis,
1101 1191 1156 1262 ab.
1174 1195 1349 1269 ama-ntae
1374 1205 1489 1266 morte
1516 1201 1671 1292 exorsis,
1704 1199 1794 1274 hene
1821 1229 1883 1277 au·

514 1308 584 1368 tem
611 1294 732 1370 locum
761 1293 893 1365 hahere
925 1303 1067 1388 poterat
1098 1293 1135 1361 in
1170 1271 1331 1389 ejusdem
1365 1293 1457 1366 libro
1487 1301 1636 1378 Σαμίων
1673 1296 1758 1382 ὧροι
1772 1299 1806 1398 ⁷)
1833 1306 1886 1375 in.

513 1397 669 1493 scripto,
714 1397 755 1465 ln
781 1418 852 1491 qno
879 1397 983 1464 etiam
1010 1392 1054 1463 de
1081 1391 1229 1462 Periclis
1256 1390 1354 1462 hello
1382 1394 1500 1464 Samio
1528 1409 1747 1490 exposuerat
1774 1400 1885 1497 (Plus.

510 1492 902 1690 dist318n¹dtrrh¹dms¹isir¹¹¹
921 1488 1598 1688 rhedditiiidniaddhhhizlsamliliiddihio
1618 1493 1886 1673 aeliaAlicillindis

508 1692 565 1763 his
592 1695 782 1790 perierint,
800 1717 821 1762 a
842 1618 953 1765 mid
963 1618 1041 1763 dre
1070 1619 1187 1762 tamin
1213 1701 1248 1760 et
1271 1689 1512 1764 Plutarcho
1539 1620 1696 1766 adhibita
1722 1625 1884 1802 iidntnii.

507 1792 576 1864 Ille
600 1793 751 1863 maxime
770 1790 956 1887 Ephorum
980 1789 1191 1885 exscripsit,
1219 1789 1296 1859 aliis
1319 1789 1428 1861 veluti
1449 1791 1689 1886 Xenophonte
1714 1807 1752 1870 et
1766 1799 1884 1875 Theo·

364 1886 368 1895 '
505 1916 641 1987 pompo
673 1893 877 1988 promiscue
911 1889 1076 1982 adscitis,
1126 1889 1233 1986 idque
1269 1913 1375 1985 saepe
1407 1892 1484 1961 sine
1517 1895 1613 1962 omni
1637 1893 1789 1990 judicio,
1841 1911 1885 1975 nt

508 1990 776 2088 compilatorem
801 2015 881 2061 eam
906 1992 1049 2087 potius,
1091 2012 1197 2085 quam
1222 1987 1430 2082 historicum
1455 1989 1586 2063 dixeris
1602 1988 1663 2089 ¹⁰).
1728 1995 1882 2097 Propria

506 2093 597 2161 enim
632 2091 750 2163 Marte
789 2091 902 2159 utitur
944 2101 1081 2161 tantum
1115 2090 1153 2157 in
1187 2085 1296 2160 rebus
1334 2113 1401 2183 per
1436 2101 1597 2185 tempora
1636 2093 1881 2194 disponendis,

504 2190 603 2286 quod
630 2190 681 2260 sic
702 2189 873 2281 instituit,
916 2200 957 2260 ut
980 2200 1016 2261 et
1041 2186 1247 2260 archontem
1271 2190 1451 2279 Atticum,
1497 2200 1534 2259 ct
1560 2191 1724 2265 eonsules
1747 2197 1880 2271 Roma.

470 2287 473 2294 ’
499 2314 572 2361 nos
599 2291 742 2381 afferat,
782 2313 842 2359 res
873 2300 990 2361 autem
1013 2303 1136 2382 gestas
1158 2311 1292 2358 annuas
1317 2286 1363 2356 ab
1387 2290 1488 2360 initio
1514 2288 1722 2365 consulatus
1748 2295 1880 2370 llonra·

503 2393 540 2458 ni
580 2390 724 2461 serioris
760 2389 885 2459 aetatis
920 2387 956 2459 h.
982 2413 1013 2459 e.
1048 2390 1191 2459 ineunte
1228 2413 1320 2459 anno
1359 2389 1504 2460 «iuliano
1543 2415 1689 2465 narrare
1722 2395 1880 2494 incipiat,

502 2490 624 2585 itaque
648 2486 854 2559 archontem
877 2488 1037 2560 Atticum
1062 2510 1245 2584 nunquam
1270 2513 1344 2558 non
1370 2492 1533 2561 semestri
1558 2501 1659 2584 ante,
1686 2519 1793 2593 qnam
1818 2498 1879 2571 de·

503 2587 604 2679 lauit,
636 2589 794 2660 nominet
811 2584 872 2683 ¹¹).
922 2587 1029 2659 Haud
1055 2612 1140 2659 raro
1167 2596 1289 2681 aperte
1317 2585 1451 2658 labitur
1470 2590 1508 2660 in
1535 2589 1775 2689 chronologia.
1826 2600 1880 2670 At

503 2690 645 2761 maximi
681 2687 849 2761 momenti
877 2696 932 2756 est
957 2686 1003 2755 ad
1030 2686 1414 2782 fidemllenophontis
1441 2689 1711 2786 dijudicandam.
1786 2698 1880 2770 Nam

501 2800 696 2885 postquam
722 2780 992 2885 Thucydidem
1020 2797 1160 2882 tempus
1186 2787 1340 2880 pessime
1365 2791 1553 2880 exposuit,
1602 2791 1750 2864 simulac
1778 2795 1877 2868 Thu·

503 2889 647 2988 eydides
674 2886 822 2985 defecit,
863 2883 997 2955 viribus
1024 2887 1126 2982 quasi
1155 2894 1326 2975 augetur,
1373 2886 1560 2982 multoque
1586 2889 1704 2961 evadit
1728 2893 1877 2987 diligen·

501 2992 591 3079 tior,
638 2990 755 3058 itaut
781 2985 859 3082 ejus
884 2984 1105 3053 narrationes
1132 2981 1277 3078 majoris
1304 3005 1398 3052 nunc
1423 2985 1494 3055 sint
1518 2988 1705 3080 momenti,
1757 3003 1792 3063 et
1817 2995 1877 3087 iis,

504 3113 594 3186 quae
609 3084 815 3180 Xenophon
840 3082 970 3173 omisit,
997 3081 1247 3178 supplemento
1272 3105 1526 3178 nonnunquam
1552 3109 1632 3158 esse
1656 3091 1797 3183 possint
1814 3090 1876 3192 ¹²).
1954 3074 1956 3079 ⁵

605 3332 664 3382 sqq.
715 3310 891 3363 Haerenti.
912 3308 1009 3379 pst.
1061 3308 1208 3361 Dahlmann
1225 3311 1245 3361 1.
1261 3310 1281 3363 1.
1299 3328 1325 3380 p.
1344 3278 1455 3380 πῄ.
1509 3311 1609 3382 Ephor.
1627 3315 1724 3386 fragm.
1742 3321 1783 3371 sd.
1801 3323 1875 3376 Marx

603 3379 688 3452 prael.
705 3379 836 3431 Cremcri.

536 3482 568 3547 Β)
603 3480 658 3532 cte.
676 3481 726 3549 Ep.
745 3480 780 3530 ad
796 3478 877 3530 tatic.
896 3479 941 3529 Π.
960 3477 984 3528 Ι.

534 3581 568 3647 a)
603 3582 645 3633 (tt.
661 3578 820 3649 Wesarliuq.
838 3580 873 3629 ad
890 3578 969 3630 Diod
989 3578 1009 3628 l.
1027 3595 1049 3631 c.
1073 3578 1201 3631 Pauollsa.
1218 3594 1261 3629 rsa
1279 3575 1392 3630 Senior.
1408 3575 1494 3647 p-ffl.
1518 3578 1610 3647 llcyne
1625 3597 1653 3648 p.
1670 3581 1818 3637 nxxxul.
1834 3590 1873 3642 aie

605 3647 712 3729 statuits
731 3647 818 3708 „hlihi
836 3645 979 3727 probabit?
995 3647 1038 3727 tit,
1058 3647 1130 3698 idem
1148 3663 1224 3714 opus,
1242 3653 1272 3699 ut
1291 3653 1331 3698 tot
1344 3647 1412 3698 alias
1427 3652 1545 3698 veterum
1562 3648 1721 3717 scriptorum
1737 3651 1872 3724 historias,

605 3715 675 3768 loeta
691 3731 719 3764 su
735 3715 824 3783 pluras
839 3720 929 3782 partes
948 3713 1061 3764 arrasum
1077 3714 1185 3765 tanus·
1234 3738 1238 3746 ·

536 3814 568 3884 7)
602 3815 660 3869 Non
677 3803 754 3887 ὅροι,
777 3813 851 3882 quod
868 3813 1056 3894 Vossyolnit,
1081 3813 1117 3864 ct.
1135 3813 1237 3864 licem
1256 3830 1283 3881 p.
1301 3811 1349 3864 dl.
1383 3814 1424 3865 lta
1440 3813 1601 3880 „copieaa,“
1616 3821 1647 3868 at
1665 3813 1787 3873 Schneid.
1804 3820 1872 3889 vult,

603 3899 647 3934 res
662 3887 783 3933 narratas
804 3897 874 3947 esse,
891 3880 1069 3931 dnhrtsrcrun
1084 3881 1119 3931 cl.
1136 3880 1206 3931 Plus
1223 3878 1311 3931 aleth.
1328 3896 1352 3933 c.
1368 3878 1417 3931 δί.
1450 3882 1511 3948 lays·
1528 3898 1552 3935 c.
1570 3879 1620 3934 18.
1756 3912 1760 3927 .

537 3983 569 4048 s)
604 3982 646 4034 cr.
662 3980 750 4033 nan
767 3981 802 4031 aa
820 3962 891 4067 crat
906 3978 993 4032 aaa.
1009 3997 1037 4049 ρ.
1059 3978 1136 4031 xxv
1154 3995 1194 4047 aq.
1211 3976 1274 4030 ass.
1299 3980 1393 4032 naas.
1411 3981 1486 4034 aaa
1499 3981 1580 4035 aeta
1604 3999 1634 4051 p.
1650 3981 1707 4035 aar
1723 4000 1780 4056 sqq.

535 4082 568 4149 9)
604 4082 646 4134 Cl.
663 4081 753 4149 llcyne
770 4089 796 4132 et
813 4081 916 4132 licerer
933 4081 952 4132 1.
969 4081 988 4132 l.

524 4183 574 4252 ¹⁰>
603 4176 1403 4319 camea.:e.n.cs.n:aaaae
1565 4184 1662 4257 1...
1679 4186 1722 4238 ‘⁶-
1841 4203 1869 4257 ν·

520 4351 566 4415 ll)
600 4351 641 4403 ct.
657 4349 744 4402 lirahs
760 4349 832 4402 lectt·
851 4348 930 4400 Diod.
949 4366 975 4418 p.
992 4347 1012 4400 s
1028 4365 1085 4416 sqq.
1215 4344 1218 4351 '

522 4452 568 4517 li)
604 4451 645 4502 Cf.
668 4449 770 4502 Siersra
790 4469 817 4518 p.
834 4446 861 4500 8.

1439 4549 1467 4622 l
