4612 5790
1121 648 1408 769 ηο-

616 903 726 976 rebus
754 899 899 971 nimium
924 901 1153 989 immoretur,
1188 905 1280 995 qu'ac
1312 896 1453 996 quidem
1487 898 1570 969 vitia
1604 901 1641 969 in
1666 898 1798 971 ultimis
1824 902 1982 999 quinque

615 1003 715 1074 libris
744 998 837 1069 hand
864 1024 945 1071 raro
975 999 1167 1090 committi,
1205 1023 1308 1070 nemo
1335 1023 1407 1069 non
1431 997 1537 1070 videt.
1601 1001 1675 1070 lsta
1702 1011 1819 1072 autem
1843 1002 1982 1073 indoles

615 1098 884 1198 Thucydideum
912 1098 998 1198 quid
1016 1098 1139 1193 spirat
1193 1096 1431 1187 Quamobrem
1454 1098 1498 1169 ad
1514 1096 1755 1201 Thucydidem
1782 1124 1821 1170 se
1846 1125 1981 1174 accom-

614 1201 780 1273 modasse
812 1200 932 1300 aliquo
965 1198 1071 1271 modo
1098 1190 1301 1297 Xenophon
1333 1200 1474 1272 videtur
1507 1202 1698 1298 copiasque
1723 1199 1824 1297 illius·
1843 1202 1893 1272 ita
1919 1202 1980 1271 ad-

613 1301 792 1392 hibuisse,
817 1310 859 1374 ut
881 1298 1128 1373 substerneret
1151 1323 1238 1370 sune
1256 1298 1424 1369 historiae
1444 1310 1612 1398 tanquam
1627 1298 1866 1393 lundomenta,
1890 1326 1983 1401 quae

612 1403 761 1499 proprio
776 1400 893 1473 Marte
919 1397 1161 1496 amplificaret,
1187 1408 1427 1488 connecteret,
1449 1412 1592 1473 ornaret
1614 1396 1662 1497 (v.
1685 1400 1981 1500 morationibus).

611 1503 749 1575 Etenim
778 1502 895 1594 ipsum
928 1524 986 1571 res
1020 1495 1107 1569 belli
1135 1497 1386 1593 Peloponnesii
1421 1498 1590 1570 codicillis
1624 1501 1698 1568 suis
1733 1503 1852 1573 statim
1884 1527 1981 1573 man-

613 1600 738 1692 dasse,
766 1626 839 1671 non
864 1597 1052 1674 verisimile
1078 1609 1155 1691 est,
1185 1600 1357 1697 quoniam
1385 1596 1453 1672 hoc
1480 1597 1525 1670 ab
1553 1598 1629 1696 ejus
1655 1601 1726 1670 vita
1753 1597 1931 1673 abhorret.

1244 1864 1280 1965 g.
1307 1864 1343 1937 5.

699 2036 835 2087 llelleniea
854 2050 906 2085 nen
922 2031 1043 2085 efficiunt
1063 2032 1116 2083 duo
1133 2032 1238 2083 diversa
1255 2051 1337 2102 opera
1356 2033 1479 2105 longiore
1494 2040 1614 2100 tempore
1629 2033 1768 2100 interjecto
1789 2036 1898 2103 scripta.

710 2206 804 2279 llinc
829 2173 915 2276 ebro
942 2222 1017 2274 non
1042 2202 1300 2276 consectarium
1327 2216 1405 2297 est,
1440 2199 1714 2299 Xenophontem
1740 2202 1861 2298 primis
1888 2201 1974 2273 llcl·

609 2308 806 2382 lcnieorum
831 2303 931 2376 libris
958 2301 1009 2375 nil
1036 2303 1194 2377 voluisse
1216 2305 1284 2375 nisi
1312 2302 1529 2405 Thucydidis
1564 2302 1816 2400 supplementa
1849 2301 1978 2373 conde·

607 2434 662 2498 rc,
691 2409 742 2478 ita
755 2417 795 2477 ut
813 2404 942 2502 reliqui
960 2405 1120 2504 quinque
1135 2404 1219 2478 libri
1245 2406 1425 2479 diversum
1448 2401 1494 2473 ab
1523 2403 1594 2474 illis
1622 2413 1657 2474 et
1677 2402 1857 2495 singulare
1885 2427 1977 2498 opus

609 2509 772 2579 ellicicut.
831 2507 912 2577 lloe
944 2517 1063 2576 autem
1094 2505 1312 2579 Niebuhrius
1340 2509 1485 2597 statuit,
1526 2505 1587 2601 qui
1620 2503 1672 2574 sic
1705 2513 1808 2600 putat
1834 2504 1995 2598 propria·

608 2607 793 2678 llellenica
819 2603 886 2700 (se.
912 2603 1058 2675 ultimos
1085 2604 1242 2773 quinpue
1269 2604 1399 2702 libros)
1436 2631 1456 2675 a
1484 2603 1701 2700 Thucydidis
1728 2605 1805 2673 istis
1834 2604 1979 2700 supple·

607 2708 735 2779 mentis
761 2702 939 2801 disjuncta
970 2701 1083 2773 multo
1123 2728 1174 2799 pu
1190 2701 1328 2774 ebriore
1361 2706 1480 2801 specie
1514 2701 1622 2771 indui.
1687 2704 1907 2774 Testimonia
1944 2706 1979 2773 in

608 2831 681 2877 rem
708 2829 809 2877 suam
833 2804 938 2876 all'ert
962 2800 1065 2875 hace:
1094 2799 1132 2898 l)
1159 2803 1354 2876 lllarecllin.
1381 2806 1441 2875 vit.
1470 2800 1583 2872 Thue.
1611 2828 1648 2898 p.
1675 2803 1810 2873 XXlll.
1827 2803 1881 2872 ed.
1895 2803 1975 2898 Bip.

607 2906 706 2979 dicit:
741 2908 788 2973 τὰ
809 2906 846 2971 δὲ
867 2908 937 2971 τῶν
955 2905 1075 2969 ἄλλων
1098 2904 1140 2974 ἓξ
1159 2905 1246 2970 ἐτῶν
1276 2909 1468 2992 πράγματα
1498 2906 1693 2987 ἀναπληροῖ
1721 2903 1742 2967 ὅ
1770 2926 1804 2970 τε
1830 2905 1976 2984 Θεόπομ·

607 3026 669 3074 nos
688 3007 750 3072 noel
772 3003 792 3068 ὁ
814 3003 999 3086 Ξενοφῶν,
1032 2998 1095 3069 cle
1123 3003 1338 3070 συνάπτει
1362 3005 1425 3084 τὴν
1447 3004 1648 3088 ‘Elimeam
1675 3002 1836 3082 ἱστορίαν.
1905 2994 1976 3068 Sed

606 3116 648 3173 ut
671 3103 851 3172 mittamus
878 3097 1043 3170 Grauerti
1070 3093 1103 3190 ¹)
1131 3093 1370 3193 conjecturam
1392 3101 1430 3165 ὃς
1450 3121 1519 3193 pro
1541 3097 1602 3184 οἷς,
1632 3123 1677 3168 ex
1701 3096 1769 3171 hoc
1795 3097 1877 3170 loco
1904 3123 1977 3171 non

606 3202 779 3290 efficitur,
817 3218 966 3294 prorsus
1001 3189 1141 3265 diversa
1173 3194 1286 3273 facisse
1318 3200 1391 3268 duo
1426 3221 1555 3289 opera,
1597 3224 1721 3267 verum
1754 3198 1789 3269 id
1825 3209 1974 3292 tantum,

605 3303 695 3374 duas
723 3296 905 3394 generales
933 3289 1197 3365 llellcnicorum
1222 3306 1344 3392 partes
1370 3292 1482 3389 accipi
1508 3317 1529 3362 a
1554 3294 1784 3387 Marcellino,
1814 3298 1984 3391 alterams

605 3394 676 3501 qua
703 3398 837 3471 bellum
862 3394 1164 3492 Peloponnesium
1189 3419 1219 3465 s.
1245 3391 1463 3496 Thucydidis
1500 3416 1591 3490 opus
1626 3392 1853 3489 absolvatur,
1887 3398 1975 3471 alte-

604 3529 694 3595 ram,
722 3526 793 3599 qua
817 3497 964 3572 historia
991 3499 1124 3569 Graeca
1150 3499 1225 3562 κατ’
1239 3497 1362 3577 ἐξοχὴν
1383 3492 1474 3566 dieta
1502 3494 1638 3565 initium
1665 3497 1790 3592 capiat.
1842 3499 1975 3572 Eadem

605 3616 661 3676 cst
692 3604 785 3675 ratio
818 3600 910 3671 elius
947 3595 1131 3692 eujusdam
1166 3593 1256 3683 loci,
1300 3596 1363 3692 qui
1398 3593 1631 3667 Niebubrium
1657 3596 1793 3689 fugisse
1820 3600 1972 3687 videtur,

606 3703 700 3801 apud
726 3703 874 3799 Dionys.
903 3696 984 3768 llal.
1012 3696 1126 3790 Epist
1153 3693 1197 3765 ad
1223 3694 1349 3794 Pomp.
1376 3720 1405 3765 e.
1425 3693 1461 3768 d.
1488 3695 1676 3795 (llrueger.
1699 3701 1736 3769 in
1757 3700 1978 3793 llistoriogr.'

603 3833 640 3902 p.
669 3800 757 3900 l5):
790 3805 908 3884 τρίτην
931 3801 976 3866 ἔτι
1007 3794 1166 3897 (praeter
1192 3795 1450 3897 Cpropacdiam
1478 3809 1513 3869 et
1540 3796 1739 3895 Anabasin)
1771 3801 1833 3881 τὴν
1853 3805 1972 3885 Ἑλλη-

604 3906 699 3983 νικὴν
731 3913 795 3981 (sc.
825 3897 1023 3978 ferociori.
1063 3922 1092 3968 e.
1132 3921 1224 3995 opus
1265 3899 1502 3971 narratorium
1536 3898 1692 3971 condidit
1730 3892 1971 3993 Xenophon),

602 3998 681 4062 nai
703 3996 752 4075 ἣν
771 3989 946 4059 κατέλιπεν
963 3994 1067 4075 ἀτελῆ
1080 3994 1304 4079 Θουκυδίδης·
1328 3996 1364 4061 ἐν
1383 3987 1414 4083 ᾖ
1427 3994 1661 4060 καταλύονταί
1680 4016 1715 4061 τε
1736 3995 1770 4061 oi
1788 3991 1995 4071 rosbeccam*

603 4097 665 4162 uui
693 4094 740 4161 τὰ
766 4091 859 4176 τείχη
884 4097 957 4160 τῶν
986 4096 1195 4179 Ἀθηναίων,
1233 4096 1260 4158 d
1287 4095 1545 4174 Λακεδαιμόνιοι
1565 4098 1741 4175 καθεῖλον,
1775 4090 1879 4159 αὖθις
1899 4092 1971 4157 dvl-

605 4218 754 4271 orarem.
799 4198 961 4295 lirucger
986 4198 1073 4271 illud
1100 4205 1161 4268 καὶ
1191 4202 1291 4274 uncis
1317 4200 1458 4272 inclusit
1486 4212 1666 4299 tamquam
1692 4202 1880 4297 spurium,
1908 4196 1971 4269 sed

605 4313 700 4375 reete
726 4298 899 4372 sehabet.
950 4302 1061 4373 Vides
1091 4312 1207 4375 autem
1234 4329 1311 4374 cam
1336 4300 1530 4394 historiam,
1557 4328 1662 4399 quam
1690 4302 1970 4397 imperfectama

638 4665 666 4723 ll
702 4668 732 4717 ln
752 4667 817 4719 ntus.
834 4669 913 4718 ltlrrn.
935 4670 955 4719 l.
975 4671 1037 4724 lose.
1054 4674 1101 4724 lll.
1128 4692 1153 4741 p.
1177 4667 1235 4723 lbi)
1252 4687 1309 4737 sqq.
