4612 5790
562 801 659 872 silis«
692 799 727 868 id
751 805 846 868 recte
879 792 1012 865 laetum
1046 813 1125 860 esse
1150 786 1326 883 arbitror3
1372 791 1497 861 etenim
1529 790 1610 889 jure
1637 790 1781 868 Clinton
1808 798 1863 889 (F
1889 799 1936 873 Η.
1979 786 1982 791 ’

561 901 608 973 ud
633 925 664 972 a.
692 895 794 988 589.)
836 896 950 990 ipsam
981 889 1186 962 Schneidcri
1225 887 1292 962 bac
1334 889 1371 958 in
1413 915 1452 962 re
1493 892 1712 989 iniquitatem
1752 898 1936 995 reprobat,

562 1003 627 1099 qui
659 1001 760 1099 justo
795 994 879 1092 plus
911 990 1077 1064 tribuerit
1112 991 1302 1062 adversarii
1338 993 1491 1062 oratoris
1520 994 1675 1089 (Lysiae)
1706 1003 1936 1079 accusationi·

559 1102 640 1173 bus.
716 1097 902 1195 Iphicratis
937 1095 1041 1165 etiam
1067 1118 1125 1164 res
1160 1103 1278 1185 gestas
1306 1092 1465 1163 studiose
1493 1106 1632 1186 narrat3
1685 1101 1829 1171 omnino
1857 1118 1938 1175 eum

559 1197 779 1297 suspiciebat
816 1195 874 1289 (6,
901 1192 947 1288 2,
975 1190 1026 1264 15
1051 1219 1105 1293 sq.
1146 1194 1210 1266 sed
1235 1191 1282 1287 6,
1308 1191 1352 1286 5,
1379 1190 1477 1286 iil),
1528 1195 1632 1266 sicuti
1670 1196 1939 1298 Thrasybulum

561 1326 709 1400 quoque
736 1296 790 1392 (4,
817 1294 856 1390 8,
882 1293 973 1386 bb).
1024 1297 1081 1367 Ex
1107 1292 1204 1366 hisce
1230 1295 1371 1391 quidem
1395 1295 1528 1391 prodit,
1556 1321 1650 1388 eum,
1677 1299 1826 1371 simulac
1848 1301 1938 1375 libe·

560 1406 636 1475 rior
662 1411 758 1474 esset
781 1425 802 1470 a
827 1399 989 1495 proxima
1016 1422 1095 1467 cum
1111 1395 1279 1488 Agesilao
1304 1407 1340 1467 et
1356 1395 1640 1469 Lacedaemoniis
1667 1401 1938 1495 necessitudine,

489 1588 493 1593 Ι
559 1505 734 1576 veriorem
767 1513 804 1573 et
835 1499 1087 1571 accuratiorem
1119 1496 1232 1567 luisse
1267 1523 1385 1567 rerum
1414 1499 1637 1594 scriptorem.
1714 1501 1819 1574 Tune
1847 1505 1940 1574 enim

557 1630 631 1676 non
656 1616 730 1675 tam
754 1599 858 1673 facile
883 1601 935 1670 ira
962 1611 997 1671 et
1022 1596 1142 1669 studio
1163 1596 1438 1692 impediebatur,
1482 1602 1672 1696 quominus
1698 1605 1829 1675 rectius
1855 1626 1937 1700 per·

558 1709 711 1805 spiceret
735 1728 792 1774 res
819 1712 928 1796 atque
954 1709 1144 1769 enarraret.

658 1804 789 1873 Pacem
812 1797 1079 1880 Antaleidicam,
1107 1819 1178 1892 qua
1203 1793 1395 1867 finiebatur
1421 1793 1557 1869 bellum
1583 1799 1828 1896 Corinthium,
1856 1801 1938 1877 bre·

561 1907 652 1976 viter
678 1901 842 1999 quidem,
896 1898 960 1970 sed
992 1900 1041 1969 ita
1067 1908 1184 1968 tamen
1217 1896 1348 1986 refert,
1402 1908 1443 1968 ut
1475 1901 1599 1995 quanti
1634 1903 1804 1974 momenti
1830 1915 1938 1999 esset,

466 2018 469 2023 '
561 2004 652 2077 bene
677 2001 897 2074 intellexisse
924 1999 1088 2072 videatur
1113 1999 1173 2086 (cl'.
1200 1993 1437 2090 5,’1,56.).,
1479 2004 1531 2070 At
1557 2003 1684 2074 mirum
1711 2015 1784 2097 est,
1838 2003 1939 2104 quod

559 2106 639 2175 illas
665 2102 884 2176 conditiones
911 2125 932 2170 a
956 2101 1147 2172 Persarum
1174 2125 1257 2191 rege
1283 2099 1451 2170 Graeciae
1485 2100 1671 2197 impositas
1698 2129 1778 2176 esse
1802 2129 1937 2203 nequa·

562 2231 669 2302 quam
696 2229 800 2296 aegre
826 2203 915 2294 fert,
950 2227 1060 2298 quum
1087 2200 1244 2298 alioquin
1272 2223 1377 2294 saepe
1403 2199 1557 2272 animum
1582 2200 1744 2274 barbaris
1770 2206 1939 2278 infestum

561 2307 621 2397 (el.
650 2328 760 2399 supra
785 2299 821 2399 S.
837 2298 873 2373 2.
899 2299 951 2392 9.)
978 2304 1205 2398 Graecaeque
1230 2300 1410 2391 dignitatis
1437 2303 1653 2374 conscientia
1678 2305 1824 2400 plenum
1850 2298 1952 2404 pro-⁵

560 2406 623 2477 bct
652 2404 714 2502 (el'.
742 2400 777 2495 l,
803 2399 843 2493 6,
870 2399 923 2472 10
950 2398 1060 2499 sqq).
1138 2401 1233 2472 Nihil
1259 2426 1345 2472 vero
1373 2411 1514 2497 praeter
1539 2404 1735 2501 Spartanos
1764 2430 1850 2478 suos
1874 2431 1937 2479 cu·

562 2532 664 2595 rans,
708 2504 862 2576 laetatur
887 2513 1043 2594 tantum,
1095 2502 1191 2598 quod
1220 2501 1333 2598 major
1359 2501 1440 2573 inde
1466 2506 1678 2599 auctoritas,
1726 2508 1796 2580 imo
1824 2506 1939 2601 gloria

561 2611 598 2677 in
623 2607 705 2678 illos
732 2602 916 2675 redundet.
967 2602 1115 2674 Rectius
1143 2615 1178 2673 et
1205 2603 1344 2694 dignius
1370 2601 1463 2673 baud
1489 2603 1597 2674 dubie
1617 2605 1790 2700 judicium
1815 2618 1937 2704 poste·

561 2733 623 2778 rac
648 2708 773 2779 aetatis
799 2707 955 2777 Graecus
983 2701 1064 2773 tulit
1093 2702 1204 2797 (Plut.
1232 2705 1340 2792 Apes.
1367 2697 1463 2795 23⁸)
1510 2705 1570 2767 nat
1592 2708 1775 2781 πέμπουσιν
1795 2709 1938 2774 Ἀνταλ-

561 2805 664 2867 κίδαν
685 2802 771 2883 πρὸς
797 2799 1011 2878 Τηρίβαζον,
1057 2798 1217 2871 αἴσχιστα
1233 2796 1295 2856 aul
1319 2793 1606 2872 παρανομώτατα
1628 2795 1708 2858 τοὺς
1728 2796 1791 2874 τὴν
1816 2800 1939 2864 Ἀσίαν

562 2891 804 2952 κατοικοῦντας
824 2883 1012 2960 Ἕλληνας,
1052 2875 1142 2954 ὑπὲρ
1166 2871 1217 2939 ὧν
1238 2875 1439 2966 ἐπολέμησεν
1458 2877 1683 2963 Ἀγησίλαος,
1723 2880 1853 2957 βασιλεῖ
1873 2905 1937 2948 αα-

563 2975 768 3056 pastorius.
823 2963 1031 3060 Xenophon
1056 2988 1098 3036 eo
1124 2963 1231 3035 modo
1254 2964 1383 3035 iterum
1409 2966 1503 3035 eaesi
1523 2965 1723 3037 Laconismi
1747 2966 1937 3043 documen·

564 3081 639 3140 tum
662 3064 770 3139 edidit
794 3066 1000 3161 egregium3
1037 3063 1177 3137 videtur
1202 3065 1307 3137 etiam
1332 3062 1401 3136 boc
1425 3062 1507 3139 loeo
1535 3090 1643 3166 mam
1667 3068 1818 3142 maxime
1842 3072 1937 3166 Age·

564 3169 691 3242 silaum
712 3166 882 3242 lectorem
907 3166 1107 3266 respexisse
1133 3178 1170 3240 et
1197 3167 1329 3238 veritus
1355 3191 1444 3240 esse.

1187 3399 1223 3500 g.
1256 3397 1315 3472 ts.

1132 3567 1372 3642 Coptinuatie·

664 3738 736 3813 Ubi
760 3739 961 3812 Mantineae
988 3736 1097 3810 istum
1123 3741 1305 3819 διοικισμόν
1331 3747 1471 3833 narrat,
1521 3738 1707 3824 nonsatis
1735 3738 1939 3839 praedicare

564 3852 687 3943 potest
731 3841 1007 3915 Mantinensium
1055 3838 1282 3932 felicitatem,
1334 3849 1435 3911 tanto
1478 3835 1648 3914 beneficio
1687 3853 1939 3918 mactatarum:

567 3969 663 4016 nunc
688 3945 799 4036 enim,
852 3968 962 4040 mum
989 3941 1177 4038 pervices
1205 3938 1356 4035 dispersi
1382 3949 1523 4030 essent,
1575 3939 1817 4037 opulentiores
1843 3945 1939 4038 agris

537 4122 541 4131 ,
567 4047 643 4117 suis
667 4044 818 4141 propius
842 4041 1018 4135 habitare,
1050 4039 1208 4113 molestis
1236 4039 1438 4134 demagogis
1463 4038 1652 4135 liberatos3
1703 4054 1740 4116 ct
1765 4043 1940 4118 Lacedae·

567 4147 706 4218 monins
735 4168 807 4214 non
838 4169 949 4215 unum
982 4141 1166 4234 omnibus,
1217 4141 1281 4214 sed
1316 4142 1463 4235 singulis
1496 4134 1701 4243 quibusque
1733 4145 1819 4215 vicis
1853 4133 1939 4244 pro·

569 4248 687 4344 prium
711 4242 838 4317 ducem
865 4241 1086 4330 submittere.
1141 4243 1269 4316 Nonne
1293 4244 1441 4315 ironiam
1467 4241 1560 4316 banc
1582 4244 1724 4342 potius,
1759 4269 1864 4341 quam
1884 4245 1939 4344 je·

567 4348 694 4445 janam
729 4356 766 4418 et
791 4346 963 4419 sinceram
989 4344 1147 4418 historici
1178 4347 1388 4418 sententiam
1414 4370 1493 4418 esse
1518 4345 1704 4419 crederes?
1777 4345 1940 4418 samna-

570 4473 652 4519 mur
677 4455 773 4520 certe
797 4447 865 4519 viri
891 4446 1175 4545 simplicitatem,
1200 4444 1417 4518 detestamur
1441 4456 1478 4520 et
1495 4447 1534 4517 in
1556 4445 1613 4518 his
1639 4448 1804 4521 insanum
1827 4447 1940 4521 Laeo-

571 4550 745 4642 nismum,
776 4547 871 4621 omui
900 4574 980 4622 eum
1007 4546 1165 4620 acumine
1189 4556 1225 4620 et
1245 4544 1379 4645 judicio
1404 4547 1662 4621 destituentem.

1511 4677 1539 4752 6
