4612 5790
385 3500 412 3547 ἡ

518 680 521 685 ’
561 658 750 767 Praeterea
776 689 1016 789 respiciendus
1042 700 1098 761 est
1125 686 1420 779 Plutarchus,
1447 687 1549 788 cujus
1574 689 1799 789 Alcibiades,
1850 692 1924 795 Ly·

561 794 709 887 saudm,
749 795 959 885 Agesilaus,
995 788 1183 884 Pelopidas
1210 788 1280 860 buc
1303 789 1512 890 pertinent,¹
1549 791 1744 889 inquibus
1770 790 1926 888 eosdem,

440 902 441 908 ’
562 920 654 993 quos
679 892 860 967 Diodorus
888 891 1006 960 lantes
1034 888 1214 982 adhibuit,
1245 891 1282 958 in
1304 888 1481 988 Lysandri
1506 901 1542 961 et
1564 893 1721 983 Agesilai
1745 896 1827 969 vifis
1851 893 1926 967 Xe·

559 994 776 1089 nopboutem
807 1016 894 1087 prae
933 991 1057 1061 ceteris
1094 1001 1239 1061 secutus
1260 985 1324 1086 15).
1400 992 1518 1077 Quum
1556 992 1648 1061 vitas
1681 993 1927 1067 excellentium

559 1095 717 1164 virorum
744 1090 936 1180 describat,
963 1115 1081 1161 mores
1107 1116 1232 1161 eorum
1257 1115 1365 1188 quam
1389 1092 1537 1162 maxime
1562 1103 1722 1186 spectat,
1747 1119 1924 1191 quaeeun-

560 1218 629 1288 que
654 1191 720 1262 bos
746 1193 890 1286 pingere
916 1192 1077 1285 possint,
1123 1214 1283 1261 nameus.
1345 1191 1471 1285 ltaque
1496 1203 1818 1284 rerumgestarum
1844 1217 1926 1263 nar·

557 1294 728 1362 rationem
755 1292 815 1360 isti
842 1290 990 1361 consilio
1021 1290 1264 1360 accommodat
1288 1287 1507 1383 biographus
1534 1292 1718 1384 egregius,
1768 1293 1822 1365 uti
1848 1294 1926 1389 ipse

547 1392 690 1487 *optime
717 1393 863 1485 exponit
889 1391 924 1458 in
951 1390 1042 1458 vitae
1066 1388 1170 1458 Alex.
1193 1389 1244 1457 bl.
1269 1387 1381 1457 initio.
1430 1388 1575 1459 Maximi
1601 1401 1719 1463 tamen
1744 1392 1926 1465 faciendus

558 1502 614 1562 est
638 1502 788 1586 propter
815 1499 1015 1580 auctorum,
1039 1511 1134 1582 quos
1156 1486 1352 1578 diligenter
1367 1486 1405 1555 in
1429 1487 1597 1557 auxilium
1622 1492 1783 1586 vocavit,
1806 1491 1926 1565 multi·

555 1590 731 1681 tudinem,
783 1588 865 1659 licet
890 1611 998 1682 saepe
1024 1587 1063 1655 in
1087 1611 1211 1657 eorum
1237 1610 1308 1656 usu
1331 1610 1405 1656 non
1437 1584 1569 1678 probet
1594 1585 1782 1660 subactum
1813 1588 1927 1663 bisto-

555 1692 617 1761 rici
638 1684 891 1786 judiciumss).
969 1684 1099 1755 Similis
1136 1695 1191 1756 est
1215 1687 1313 1756 ratio.
1335 1685 1535 1756 Cornelii
1560 1687 1755 1780 Nepotis
1779 1686 1818 1757 in
1842 1688 1924 1760 vitis

555 1788 768 1880 Alcibiadis,
799 1784 995 1884 Lysandri,
1023 1782 1259 1882 Thrasybuli,
1287 1781 1526 1881 Cononisffi),
1559 1786 1735 1877 Agesilai,
1766 1785 1923 1883 lphicra·

423 1954 429 1960 .
553 1890 623 1979 tis,
660 1888 854 1975 Chabriae,
891 1883 1084 1974 Timothei,
1119 1884 1407 1978 Epaminondae,
1442 1883 1647 1980 Pelopidae.
1695 1885 1826 1958 lisdem
1850 1887 1926 1960 lere

554 2012 635 2060 cum
660 1982 853 2057 Plutarcho
880 1980 1041 2054 lontibus
1060 1984 1198 2077 ¹utitur,
1234 1982 1298 2054 scd
1321 2008 1395 2053 non
1420 1995 1537 2075 tanta,
1572 1995 1707 2080 quanta
1734 1984 1815 2078 ille,
1846 1987 1925 2059 dili·

554 2088 690 2182 gentia,
737 2085 805 2155 fide
830 2094 867 2154 et
890 2082 1050 2155 doctrina
1064 2078 1138 2180 ¹⁰),
1184 2092 1226 2153 ut
1252 2107 1413 2175 magnam
1441 2085 1474 2154 ei
1498 2085 1745 2155 auctoritatem
1766 2083 1925 2158 tribuere

553 2210 771 2358 'iqueamus
785 2180 854 2355 li
891 2182 1502 2378 iiuiiwirliiqii'iiiiit
1527 2181 1714 2353 stadt
1730 2182 1924 2357 {ceapg-

552 2285 713 2478 inabiud
712 2334 890 2456 blateras
915 2331 1075 2474 Attici,
1112 2406 1178 2478 per
1205 2333 1306 2478 quos·
1324 2382 1473 2452 maxime
1488 2306 1924 2459 ‚interuaedvilatismcom

552 2487 639 2558 ditio
664 2485 804 2582 patefit,
842 2482 920 2580 ejus
949 2484 1087 2571 generis
1109 2492 1193 2551 sunt
1212 2481 1358 2578 Lysias,
1384 2480 1605 2573 Andocides,
1631 2482 1827 2573 homelea,
1852 2485 1924 2558 imo

551 2586 760 2683 posterioris
788 2584 914 2651 aetatis
939 2579 1218 2669 Demosthenes,
1252 2579 1458 2651 Aeschines.
1531 2580 1602 2652 Sed
1628 2592 1731 2654 caute
1756 2582 1800 2654 iis
1822 2594 1924 2656 uten-

448 2726 459 2745 .
551 2686 638 2757 dum
664 2693 743 2774 est,
785 2703 896 2775 quam
920 2680 1103 2748 veritatem
1128 2701 1234 2771 saepe
1261 2676 1498 2770 persuadendi
1522 2676 1705 2774 cupiditati
1728 2679 1923 2776 posthabe—

550 2794 650 2876 reut,
699 2806 765 2853 uec
793 2802 877 2849 raro
912 2802 969 2849 res
1005 2773 1226 2847 auditoribus
1265 2775 1381 2846 minus
1416 2777 1575 2868 cognitas
1602 2776 1648 2848 ad
1680 2802 1786 2851 usum
1818 2804 1924 2854 suum

551 2880 870 2969 accommodarent,
903 2877 1090 2972 nquoniam
1110 2873 1255 2972 quidem
1273 2899 1481 2947 concessum
1502 2887 1558 2948 est
1580 2874 1784 2967 rbetoribus
1805 2902 1923 2953 emen·

550 2985 610 3057 tiri
633 2985 671 3055 in
696 2981 872 3069 historiis,
898 2988 939 3047 ut
966 2974 1101 3073 aliquid
1127 2974 1241 3045 dicere
1266 2975 1407 3070 possint
1432 2977 1591 3069 argutius
1607 2971 1693 3077 Ι8).«

651 3084 757 3153 Nunc
782 3078 884 3153 nobis
915 3076 1019 3147 licem
1044 3100 1102 3147 res
1130 3099 1151 3144 a
1175 3072 1416 3170 Xenophonte
1441 3077 1591 3176 scriptas
1624 3101 1668 3155 eo
1694 3075 1816 3155 ordine
1842 3101 1923 3177 per·

551 3207 714 3275 censere,
742 3203 814 3278 quo
843 3175 889 3246 ab
915 3173 1085 3299 bistopico
1110 3174 1293 3268 expositae
1318 3184 1416 3246 sunt.

570 3481 617 3548 ld)
652 3481 693 3534 Cl·
710 3481 811 3533 llccrrn
827 3479 846 3530 l.
862 3478 882 3531 l.
899 3496 928 3549 p.
945 3473 990 3531 16
1006 3492 1063 3547 sqq·
1090 3430 1094 3437 Ι

569 3583 619 3647 lt)
654 3581 696 3636 ca
713 3580 818 3633 licerer
831 3581 851 3632 l.
867 3579 888 3631 l.
908 3596 934 3647 p.
954 3576 1014 3630 {00
1032 3593 1092 3645 sqq·
1125 3573 1246 3643 braym
1261 3572 1354 3629 caet.
1372 3572 1421 3628 iles
1438 3574 1591 3629 llsllenisn.
1611 3573 1632 3629 l.
1650 3594 1678 3647 p.
1694 3571 1758 3632 676
1774 3591 1833 3648 sqq.
1936 3605 1939 3609 ν

571 3673 620 3746 13)
654 3680 685 3732 ln
702 3680 752 3762 hac
768 3682 823 3732 vita
840 3678 970 3758 bisonem
985 3692 1090 3773 syropus
1110 3675 1249 3738 adhibuit,
1285 3675 1319 3728 sle
1336 3691 1388 3743 qus
1405 3673 1472 3729 dicit
1491 3692 1513 3728 c.
1534 3674 1562 3727 t.
1580 3677 1642 3744 „cni
1657 3693 1704 3727 nos
1721 3678 1868 3796 pluri-sp
1885 3677 1919 3728 de

561 3768 565 3777 ·
650 3745 1096 3930 magn
1255 3742 1447 3879 ξεξξε.
1462 3741 1556 3863 εξ·
1735 3743 1919 3881 raam

650 3880 781 3941 etesium
813 3883 880 3930 varst
900 3894 969 3930 curn
1097 3895 1135 3928 xrs
1150 3879 1293 3930 usmeta
1312 3885 1439 3946 tenpore.

566 3983 616 4047 ld)
651 3980 692 4034 Gt·
713 3979 805 4048 llisely
825 3980 860 4032 ds
876 3976 974 4031 tuat.
990 3984 1018 4032 rt
1035 3978 1255 4031 auctoritem
1273 3977 1368 4048 Nepet.
1389 3994 1417 4049 p.
1436 3974 1563 4032 ls-to.

553 4087 615 4151 ts)
649 4083 799 4140 ortt-m
813 4078 1000 4153 Fonshungm
1016 4081 1038 4132 l.
1054 4096 1083 4150 p.
1097 4076 1141 4133 {a

569 4186 615 4257 18)
649 4186 706 4240 (lic.
726 4184 802 4237 Brut.
819 4196 842 4235 s.
857 4178 901 4265 ll·
939 4181 975 4232 el.
993 4181 1096 4232 lleerra
1112 4179 1132 4231 l.
1152 4178 1174 4231 1.
1190 4174 1291 4298 pfl.
1334 4174 1484 4229 bun-u·
1498 4175 1722 4260 liorsslsugsnl·
1746 4194 1774 4245 p·
1795 4174 1837 4227 45
1857 4193 1915 4259 sqg.

648 4244 1173 4376 l'ttttrl‘tt'dtttdtfia
1190 4243 1614 4382 abtdttldlta'l·
1652 4245 1697 4301 Β·
1713 4243 1869 4299 ¹²⁸⁸¹¹¹¹²‘¹
1886 4261 1916 4298 ¹⁸
