4612 5790
1145 727 1398 804 ..12-

593 942 673 1012 dem
696 932 844 1007 haberet
867 943 974 1030 atque
999 941 1208 1003 moreretur.
1257 931 1371 1029 Atqui
1397 931 1490 1002 intra
1515 927 1585 1002 hoc
1609 893 1750 1026 tempus
1771 950 1955 1001 recurasse

593 1064 675 1110 eum
696 1033 811 1107 libros
837 1057 922 1105 suos
947 1041 983 1104 et
1008 1042 1134 1103 octavo
1168 1033 1395 1103 immortnum
1427 1054 1525 1122 esse,
1577 1054 1623 1102 ex
1646 1028 1823 1103 liodwelli
1846 1029 1954 1100 ratio·

594 1137 767 1210 cinatione
790 1142 900 1237 patet.
970 1128 1201 1228 Scaptesulae
1224 1132 1333 1224 igitur
1356 1154 1420 1204 eos
1448 1132 1604 1203 exaravit
1635 1129 1744 1229 idque
1769 1154 1813 1201 nc
1836 1128 1957 1200 decem
2033 1151 2038 1162 ·

595 1233 739 1335 quidem
760 1257 933 1306 annorum
967 1232 1104 1327 spatio,
1154 1256 1266 1330 quum
1285 1229 1350 1303 ael
1381 1230 1566 1303 duodecim
1591 1255 1764 1303 annorum
1790 1230 1956 1328 spatium,

594 1361 662 1435 pro
695 1334 839 1408 illorum
870 1344 1072 1427 temporum
1096 1330 1263 1422 (maxime
1288 1329 1524 1428 Thucydidis)
1550 1335 1724 1421 ὼιριβοίᾳ,
1770 1332 1857 1402 satis
1885 1331 1958 1402 exi·

595 1461 705 1529 girum
730 1434 861 1523 luisse,
908 1430 1102 1502 rectissime
1125 1428 1332 1501 liodwellus
1367 1429 1557 1500 observet.-
1619 1434 1746 1505 Annos
1774 1442 1893 1503 autem
1916 1454 1961 1501 ue
2077 1470 2080 1475 -

447 1568 455 1587 ·
595 1536 716 1607 decem
742 1532 885 1629 quidem
910 1529 1041 1621 suissc,·
1074 1526 1157 1599 inde
1182 1538 1302 1626 patet,
1336 1528 1436 1626 quod
1462 1528 1666 1625 Xenophon
1690 1532 1821 1604 mortui
1847 1529 1960 1602 libros

596 1633 732 1729 accepit
764 1632 821 1703 01.
857 1627 922 1723 96,
947 1626 986 1702 5.
1011 1624 1152 1721 (tuh),
1189 1626 1252 1699 nbi
1283 1628 1530 1726 Scaptesnlum
1565 1655 1646 1702 cum
1677 1631 1846 1723 Agesilao
1877 1654 1959 1725 per·

595 1735 702 1806 venit
761 1731 828 1803 llla
863 1729 1055 1826 temporis,
1098 1727 1199 1825 quod
1237 1726 1405 1801 historiae
1437 1726 1711 1802 conscribendae
1743 1730 1960 1820 insumserit,

597 1831 768 1926 exiguitas
797 1854 870 1901 uon
902 1839 1025 1925 potest
1049 1853 1123 1903 uon
1147 1829 1385 1924 suspicionem
1423 1854 1582 1920 movere,
1617 1854 1713 1902 nunc
1745 1831 1863 1925 ipsum
1901 1829 1961 1901 de-

598 1933 746 2005 cessisse
776 1928 1021 2026 Thucpdidem
1049 1925 1098 2016 ⁸).
1172 1927 1390 2023 Supervenit
1415 1928 1621 2027 Xenophon
1662 1941 1700 2002 et
1741 1930 1874 2002 »lihros
1909 1931 1960 2001 la·

597 2041 734 2122 tentes,
761 2051 854 2128 quos
880 2031 1109 2099 intervertere
1136 2038 1173 2099 et
1197 2029 1419 2124 supprimere
1443 2033 1662 2124 potuisset,«
1703 2054 1822 2102 secum
1848 2032 1964 2102 aufert

599 2131 769 2204 editurus.
845 2129 1008 2225 Namque
1033 2125 1271 2226 Thucydidis,
1324 2138 1451 2225 utpote
1482 2131 1566 2200 civis
1594 2140 1630 2200 et
1660 2129 1758 2200 ducis
1785 2130 1964 2225 quondam

599 2229 843 2320 Atheniensis,
896 2227 1041 2302 domum
1063 2225 1155 2299 male
1179 2226 1335 2301 habitam
1359 2230 1503 2325 imoque
1532 2228 1706 2325 direptam
1734 2252 1812 2300 esse
1839 2227 1885 2298 ah
1912 2230 1964 2298 in-

600 2332 702 2403 senso
727 2328 883 2422 Agesilai
908 2329 1084 2420 exercitu,
1138 2353 1211 2402 non
1236 2329 1377 2402 videtur
1404 2354 1423 2399 a
1450 2354 1535 2403 vero
1561 2327 1764 2401 abhorrere.
1841 2332 1964 2426 Atque

599 2429 636 2501 id
662 2431 699 2498 in
726 2453 833 2502 causa
857 2428 969 2500 fuisse
994 2429 1129 2525 possit,
1152 2453 1218 2502 eur
1238 2428 1443 2527 Xenophon
1465 2429 1556 2500 illud
1571 2429 1729 2525 Agesilai
1750 2429 1837 2520 iter,
1866 2430 1964 2526 quod

599 2553 755 2601 mensem
781 2529 930 2600 durasse
963 2524 1118 2618 dicit9),
1171 2554 1317 2601 narrare
1347 2529 1600 2624 supersederit.
1676 2529 1849 2627 Alioquin
1875 2532 1965 2602 enim

600 2654 673 2699 non
697 2627 799 2698 facile
825 2626 1040 2724 quidquam,
1092 2625 1190 2721 quod
1214 2628 1420 2721 Agesilaum
1444 2629 1589 2718 attinet,
1639 2629 1780 2700 silentio
1807 2642 1966 2726 praeter·

599 2727 717 2800 millii.

700 2825 831 2900 Libros
863 2826 972 2917 igitur
997 2823 1248 2923 Thucydideos
1275 2825 1482 2899 Scilluntem
1514 2851 1635 2898 secum
1667 2828 1824 2923 portavit
1859 2841 1968 2926 atque

600 2927 758 3020 vulgavit
784 2928 843 3019 (cf.
870 2926 1031 3019 liriiger,
1073 2927 1217 2999 Unters.
1243 2925 1335 2999 iiber
1359 2925 1395 2999 d.
1419 2925 1508 3000 leh.
1533 2927 1567 2999 d.
1594 2924 1707 2999 Thuc.
1741 2953 1777 3024 p.
1804 2922 1860 3000 80
1883 2933 1965 3026 sq).

601 3029 683 3100 dam
708 3054 793 3100 vero
819 3053 898 3100 eum
923 3052 997 3098 non
1029 3026 1137 3099 modo
1165 3028 1316 3101 exaratis
1350 3027 1422 3099 illis
1453 3039 1554 3119 octo,
1609 3052 1731 3099 verum
1759 3029 1863 3100 etium
1891 3028 1966 3100 eol·

602 3128 696 3198 lecta
720 3128 891 3215 aliorum,
927 3148 1019 3221 quos
1040 3125 1268 3222 Thucydides
1292 3128 1493 3222 scripturus
1517 3138 1612 3220 erat,
1645 3129 1789 3197 materia
1813 3130 1967 3225 potitum

603 3248 701 3318 esse,
747 3223 849 3295 facile
875 3223 1075 3317 suspiceris.
1151 3225 1204 3293 Ea
1227 3226 1335 3317 igitur
1359 3248 1448 3295 usus
1481 3218 1588 3296 fuerit
1611 3228 1797 3321 inprimis
1823 3227 1967 3302 duobus

604 3324 866 3398 llellenicornm
890 3322 992 3395 libris
1017 3319 1232 3416 scribendis,
1276 3347 1348 3421 qna
1373 3348 1415 3395 re
1439 3336 1610 3422 qnantum
1637 3326 1719 3398 fidoi
1742 3328 1784 3398 iis
1812 3331 1967 3424 accedat,

604 3450 678 3496 uon
705 3424 882 3524 estquod
903 3448 1074 3496 moneam·
1124 3423 1196 3495 Sed
1223 3449 1334 3521 quum
1359 3422 1586 3524 Thucydides
1610 3422 1665 3519 (ὅ.
1685 3423 1783 3520 26),
1811 3453 1851 3501 sc
1878 3431 1970 3504 velle

604 3525 786 3600 historiam
811 3551 927 3624 usqne
962 3525 1006 3595 ad
1035 3524 1219 3597 Piraeeum
1245 3536 1281 3596 et
1312 3524 1441 3619 longos
1476 3550 1601 3598 muros
1628 3539 1821 3624 occupatos
1847 3555 1967 3627 perso-

606 3629 669 3724 qui
693 3628 805 3720 dicat,
857 3626 1019 3698 materies
1057 3622 1134 3722 ejus
1161 3624 1256 3698 llell.
1283 3620 1322 3721 2,
1349 3622 1386 3698 2.
1418 3626 1649 3727 Xenophonti
1684 3641 1876 3729 suppetere
1905 3629 1965 3704 de·

447 3810 449 3815 ,
606 3728 704 3802 sierit
727 3750 871 3802 necesse
896 3734 961 3798 est.

642 4044 674 4112 8)
708 4045 831 4097 Fortasse
848 4048 888 4097 rel
908 4045 941 4096 rh
960 4046 1025 4114 ipris
1040 4047 1158 4117 Agerlld
1175 4044 1305 4097 militibus
1322 4046 1502 4106 intersectum,
1539 4047 1669 4115 conjicere
1686 4050 1778 4117 possis.
1822 4048 1874 4102 Sed
1892 4053 1965 4105 solu.

709 4129 766 4164 mus
784 4114 840 4165 sine
855 4114 1016 4185 graviuimis
1032 4112 1179 4166 ratinihm
1195 4120 1296 4165 unm
1313 4114 1527 4167 Lacedaemoniis
1543 4116 1641 4168 crimen
1660 4115 1781 4171 conflare.

642 4213 678 4280 u)
713 4215 819 4266 Eccum.
835 4214 956 4287 ΛΜΞ,
977 4214 1001 4265 l.
1036 4214 1070 4268 cl.
1090 4214 1166 4268 Corn.
1182 4215 1249 4286 liep.
1269 4211 1350 4286 Ager.
1367 4212 1397 4268 d.
