4612 5790
845 504 1105 580 ...354-

274 713 419 786 'omittit
444 711 530 782 satis
556 707 720 804 graiem,
774 735 882 807 quom
914 734 979 806 per
1011 733 1052 780 sc
1075 704 1225 800 intelligi
1254 708 1406 803 putabat
1439 712 1592 786 fortasse
1607 709 1657 812 ⁸.):

284 818 356 882 τῶν
375 816 506 880 πόλεων
528 819 651 879 πασῶν
674 815 875 894 ἐκχωρῆσαι
927 810 1058 882 Postea
1085 806 1227 903 quidem
1250 805 1318 879 hoc
1343 823 1443 906 patet
1470 839 1514 884 ex
1539 811 1664 886 verbis.

282 911 440 1002 Agesilai
467 906 521 1007 (5,
548 906 588 1000 d,
617 905 669 1005 5.)
697 913 748 978 ὅτι
770 909 980 987 αὐτονόμους
1000 911 1060 976 καὶ
1094 907 1156 973 τὰς
1178 908 1212 973 ἐν
1234 912 1277 992 τῇ
1299 913 1408 998 Ἀσίᾳ
1427 913 1538 978 πόλεις
1560 911 1656 994 εἶναι,

283 1009 394 1092 ὥςπερ
415 1011 475 1077 καὶ
494 1010 556 1079 τὰς
575 1011 610 1076 ἐν
631 1015 674 1092 τῇ
696 1010 780 1087 παρ’
802 1008 882 1086 ἡμῖν
904 1008 1062 1087 Ἑλλάδι,
1095 1028 1296 1100 quanquam
1323 1031 1394 1078 non
1420 1006 1534 1100 addit,
1571 1008 1692 1105 qnid-

281 1106 330 1175 sit
358 1109 488 1189 ἡπαρ’
508 1109 589 1190 ἡμῖν
609 1107 746 1172 Ἑλλάς.
791 1102 886 1172 Tota
913 1101 1004 1172 onim
1031 1104 1177 1174 Graecia
1208 1129 1282 1175 non
1309 1117 1385 1176 erat
1408 1132 1517 1202 penes
1547 1106 1656 1206 Spar·
1709 1159 1714 1170 .

282 1217 388 1276 tanos
416 1202 478 1302 (cf.
507 1203 599 1273 inira
622 1200 658 1299 §·
685 1199 743 1273 15.
767 1198 955 1272 Waehsm.
980 1228 1016 1297 p.
1043 1198 1158 1297 252).
1215 1203 1286 1275 Sed
1312 1204 1547 1280 Athenienses
1573 1234 1656 1305 per·

280 1305 431 1376 tinuisse
451 1303 495 1374 ad
520 1303 618 1374 illam
642 1313 741 1399 patet
767 1327 812 1373 ex
831 1301 970 1372 Hellen.
987 1300 1027 1393 5,
1046 1299 1084 1394 2,
1103 1299 1176 1394 95,
1203 1304 1265 1374 ubi
1290 1307 1382 1378 inter
1406 1307 1525 1379 socios
1547 1306 1656 1406 Spor-

280 1415 447 1475 tanorum
478 1404 691 1476 reseruntur.
766 1401 826 1473 Ad
863 1401 943 1472 illas
979 1414 1097 1473 nutem
1132 1404 1312 1499 civitates,
1365 1408 1496 1506 quibus
1531 1408 1656 1482 cedere

278 1504 512 1576 Athenienses
535 1504 628 1603 jussi
651 1503 803 1594 fuerint,
828 1503 1044 1599 pertinuisse
1063 1503 1167 1574 etiam
1188 1507 1324 1572 παλαιὰ
1341 1514 1500 1593 κτήματα
1519 1534 1653 1601 eorum,

276 1603 455 1695 Imbrum,
489 1603 661 1702 Scyrum,
697 1605 891 1693 Lemnum,
917 1601 1121 1673 Andocides
1149 1599 1374 1699 testaturssl,
1414 1605 1459 1677 dc
1485 1609 1588 1706 nujus
1613 1633 1655 1681 en

277 1704 314 1774 in
350 1730 388 1776 re
421 1707 629 1775 anctoritate
665 1728 737 1773 non
769 1700 872 1772 facile
913 1700 1107 1798 quidquam
1125 1698 1366 1796 'detrahatur3
1420 1728 1501 1776 num
1535 1708 1651 1782 oratio

279 1802 429 1899 ejusde
456 1828 564 1902 pace,
599 1804 631 1873 si
655 1803 839 1895 lindegero
865 1800 954 1872 fides
982 1814 1037 1873 est
1054 1797 1107 1898 ⁷),
1142 1803 1179 1872 in
1203 1826 1333 1871 annum
1359 1799 1448 1874 595.
1475 1807 1589 1901 cedit,
1616 1821 1652 1882 et
1719 1870 1725 1885 .

277 1902 499 1974 auditoribus
535 1928 608 1974 non
640 1902 743 1974 facile
775 1902 844 1975 ista
877 1901 1061 1998 imponere
1094 1902 1264 1997 potuerit.
1339 1902 1421 1974 «lam
1453 1905 1484 1975 si
1509 1907 1660 1982 llellen.·

273 2000 314 2092 1,
342 1999 380 2095 8,
409 2000 468 2075 15.
495 2003 553 2075 01.
579 1999 655 2102 97)
682 1997 801 2100 (592)
829 2001 965 2074 insulae
1000 2005 1088 2073 istae
1116 2001 1385 2073 Atheniensium
1421 2029 1500 2078 esse
1527 2008 1649 2082 dieun-

273 2115 352 2194 tur,
381 2127 440 2175 eas
467 2114 693 2200 recuperatas
720 2127 798 2175 esse
823 2114 990 2198 apparet,
1024 2102 1059 2173 id
1087 2100 1186 2197 qnod
1213 2103 1404 2172 aConono
1429 2103 1564 2178 laetum
1592 2134 1649 2181 es·

273 2227 312 2274 se
335 2203 538 2300 putaverim
561 2229 653 2276 anno
678 2198 789 2293 595,
833 2229 907 2300 qrro
934 2202 1048 2273 classe
1074 2227 1094 2271 a
1118 2199 1350 2272 Pharnabazo
1378 2215 1524 2301 accepta
1549 2208 1648 2281 insu·

272 2302 327 2373 las
361 2316 397 2375 et
429 2301 538 2374 urbes
571 2305 608 2373 in
638 2302 839 2375 continente
872 2303 960 2372 sitas
988 2299 1264 2374 Atheniensibus
1300 2303 1502 2377 conciliavit
1525 2305 1580 2401 (1,
1606 2304 1646 2404 8,
1749 2295 1755 2311 ’

275 2398 351 2500 lh.)
375 2427 574 2500 murosque
599 2401 726 2494 longos
754 2403 921 2473 restituit.

197 2497 199 2502 ’
375 2506 473 2575 llaeo
499 2504 613 2573 omnia
640 2500 845 2598 Xenophon
879 2513 940 2572 ant
965 2501 1090 2574 leviter
1115 2513 1273 2592 tantum,
1322 2511 1383 2572 aut
1408 2504 1508 2577 nullo
1534 2504 1645 2582 verbo

273 2605 404 2696 tangit,
430 2602 513 2674 licet
537 2602 744 2695 gravissima
771 2613 892 2675 essent
919 2601 963 2673 nd
981 2602 1204 2672 Athenarum
1230 2610 1384 2693 statum,
1415 2605 1532 2699 qualis
1554 2618 1646 2696 ,tuno

113 2690 116 2694 ⁵
237 2776 239 2781 .
272 2716 383 2794 esset,
421 2702 606 2798 politicum
631 2702 917 2794 cognoscendum
943 2713 979 2771 et
1006 2701 1051 2772 ad
1077 2703 1257 2773 insecutae
1283 2701 1493 2792 oligarehiao
1514 2732 1643 2780 causas

182 2878 185 2884 ,
270 2813 307 2873 et
330 2804 483 2897 origines
506 2800 782 2897 perspiciendas.
830 2801 937 2889 Fugit
960 2800 1050 2870 enim
1078 2798 1300 2893 Xenophon,
1338 2802 1443 2871 animi
1469 2807 1642 2905 tranquil.

270 2901 379 2972 litatis
405 2902 707 2990 studiosissimus,
757 2895 946 2970 turbarum
979 2897 1131 2968 civilium
1160 2896 1439 2993 expositionem,
1490 2928 1562 2998 qu0
1578 2907 1641 2978 ᾗ.

268 3012 365 3072 ctum
391 3024 470 3072 esse
494 3000 652 3090 videtur,
678 3008 719 3069 ut
745 2995 978 3093 Cleophontis
1006 2996 1165 3088 eaedem,
1210 2995 1384 3069 cumillis
1410 3001 1531 3075 intime
1556 3030 1639 3077 con.

268 3124 414 3192 nexam,
437 3098 512 3200 jam
538 3109 640 3171 antea
664 3100 788 3195 paucis
814 3097 1018 3170 absolverit.
1454 3132 1456 3137 ·

884 3396 920 3499 g.
949 3394 1009 3471 u.

821 3566 982 3638 Triginta
1006 3565 1078 3615 riri.

366 3736 437 3811 Sed
472 3737 655 3836 sequentia
689 3736 793 3808 etiam
827 3760 901 3806 non
932 3735 1017 3807 satis
1049 3733 1236 3829 diligenter
1268 3734 1392 3833 utique
1425 3737 1631 3831 consignata

263 3863 342 3912 esse
375 3851 533 3937 apparet.
609 3838 765 3909 Primum
800 3836 943 3934 quidem
982 3847 1122 3933 tempus
1163 3837 1377 3908 constitutae
1422 3836 1631 3930 oligarehiae

264 3942 435 4044 pervertit
443 3967 455 4035 3
485 3950 541 4013 est
566 3938 657 4012 onim
682 3964 755 4010 non
777 3948 884 4037 post,
912 3935 975 4010 sed
1002 3948 1085 4009 nnte
1109 3962 1229 4008 muros
1256 3936 1394 4010 dirutos
1421 3934 1539 4034 (Diod.
1567 3939 1628 4038 11,

267 4160 574 4171 ”un-*-

298 4270 328 4337 ες)
363 4272 432 4326 rue
450 4273 510 4340 ny..
529 4271 575 4325 u.
602 4273 679 4325 nae
701 4270 744 4334 ra
762 4271 829 4327 ror.
860 4275 989 4327 aaran
1008 4276 1042 4326 a
1059 4248 1125 4345 ,aa
1146 4296 1172 4347 ρ.
1191 4272 1238 4328 os.

151 4373 159 4380 ”
297 4369 329 4434 9)
364 4373 404 4424 Ct
426 4376 505 4425 etiam
521 4375 639 4427 henchin.
661 4374 695 4425 de
713 4376 773 4426 lule.
792 4376 844 4447 leg.
866 4394 892 4446 p.
911 4374 974 4428 111.
994 4378 1034 4428 ed.
1053 4378 1167 4432 Tanchn.

296 4471 328 4539 7)
362 4473 446 4526 Neues
464 4475 568 4527 Archiv.
587 4477 606 4526 s.
625 4475 720 4529 Philol.
741 4494 766 4528 a.
785 4475 934 4550 retegat,
951 4475 979 4530 5.
997 4496 1023 4548 p
1039 4477 1077 4530 78
1096 4497 1153 4549 sqq.
1191 4518 1194 4525 ,
