4612 5790
772 732 1054 872 ·-3⁷-

240 1029 382 1077 movere
406 1002 567 1075 molitum
600 1025 680 1073 esse
710 998 861 1095 referat3
912 997 1000 1073 haec
1031 1001 1139 1095 igitur
1169 1000 1276 1073 luerit
1308 1002 1607 1077 condemnationis
1703 1016 1707 1022 “
1753 1069 1761 1088 .

195 1170 204 1178 .
239 1128 365 1200 causa,
390 1117 546 1178 ceterum
569 1117 666 1186 recte
693 1126 773 1173 eum
799 1098 988 1181 defendere
1014 1102 1155 1175 videtur
1179 1101 1332 1173 Pausan.
1357 1101 1397 1195 5,
1423 1099 1459 1175 5.
1508 1103 1607 1178 Idem

236 1203 531 1303 illudprohibuit
554 1200 851 1300 Xenophontem,
897 1204 1108 1300 quominus,
1160 1201 1223 1274 ubi
1248 1203 1436 1276 Cinadonis
1465 1203 1607 1289 seditio·

235 1328 317 1378 nem
343 1316 470 1399 narrat.
490 1301 546 1402 (5,
572 1302 612 1398 5,
639 1300 713 1401 5.),
749 1304 820 1375 odii
845 1303 1018 1377 Helotum
1045 1315 1081 1377 et
1105 1305 1347 1400 perioeeorum
1373 1328 1497 1376 causas
1523 1330 1605 1403 ape·

234 1405 333 1476 niret.
397 1407 511 1478 Recte
535 1405 568 1477 ei
591 1403 777 1476 Schlosser
802 1399 845 1501 (l.
865 1401 925 1502 1.),
969 1405 1148 1501 quomodo
1174 1402 1337 1475 subditos
1363 1428 1449 1476 suos
1474 1403 1606 1480 habere

236 1504 393 1579 solerent
419 1504 705 1595 Lacedaemonii,
754 1502 821 1575 hae
848 1506 1116 1601 opportunitate
1141 1504 1389 1600 exponendum
1415 1505 1526 1578 luisse
1553 1506 1606 1577 di·

235 1606 293 1676 cit.
344 1607 418 1678 Nee
445 1631 519 1676 non
538 1615 637 1677 tacet
660 1603 880 1701 Xenophon,
903 1605 1205 1678 Lacedaemonios
1226 1606 1264 1675 in
1288 1606 1485 1680 Messenios
1508 1607 1606 1678 Nan·
1689 1694 1692 1699 Ι

232 1714 376 1802 pactum
402 1717 437 1777 et
458 1705 704 1802 Cephalleniae
729 1706 915 1777 castellum
942 1705 988 1775 nh
1039 1704 1098 1776 od·
1112 1707 1304 1779 incolentes
1331 1730 1427 1776 arma
1452 1706 1606 1781 movisse
1654 1726 1657 1731 '

107 1844 111 1852 ,
233 1828 370 1901 eosque
396 1807 542 1878 Graecia
569 1805 822 1878 exterminasse
847 1804 967 1908 (Diod.
1019 1803 1057 1895 1,
1084 1803 1184 1903 54),
1228 1805 1493 1902 Hermippidam
1519 1830 1605 1880 vero

234 1903 449 1999 Spartanum
481 1904 669 1977 inhumane
703 1906 963 2001 compescuisse
992 1906 1186 1978 Heracleae
1220 1905 1257 1975 in
1293 1905 1479 1979 Trachinia
1514 1906 1603 1980 sedi·

233 2005 365 2077 tionem
391 2001 511 2101 (nied.
539 2002 602 2097 ld,
626 2001 716 2100 58.).
767 2005 839 2080 Sed
863 2004 950 2079 haec
975 2004 1042 2077 hac
1066 2006 1111 2080 de
1137 2032 1177 2079 re
1202 2004 1400 2080 sufficiant!

849 2272 888 2373 g.
924 2271 985 2349 ro.

798 2438 1033 2492 continuatio.
1128 2470 1130 2475 -

329 2608 403 2680 Res
429 2608 465 2677 in
490 2607 577 2678 Asia
601 2631 622 2676 a
647 2603 865 2680 Thimbrone
890 2619 926 2679 et
950 2607 1152 2707 llereyllida
1178 2620 1296 2700 gestas
1325 2633 1406 2680 cnm
1431 2606 1595 2703 volupta-

229 2719 266 2778 te
291 2709 520 2805 persequitur
547 2718 584 2779 et
608 2705 708 2778 bello
727 2707 809 2778 Eho
833 2706 1023 2800 diligenter
1048 2719 1231 2801 enarrate,
1271 2706 1412 2780 tandem
1438 2705 1483 2778 ad
1507 2709 1602 2800 Age·

228 2807 305 2878 silai
329 2811 385 2880 sui
416 2820 574 2906 tempora
608 2807 790 2904 pervenit,
839 2809 900 2903 qui
934 2810 1030 2899 regia
1064 2807 1232 2899 dignitate
1256 2805 1434 2904 Lysandri
1466 2807 1599 2881 auxilio

73 2986 78 2991 ,
229 2919 373 3004 accepta
391 2904 424 3005 ¹)
450 2910 488 2979 in
511 2909 636 2978 Asiam
659 2906 898 3003 proficiscitur
913 2902 969 2999 ²),
997 2908 1211 2977 Graecarum
1236 2905 1379 2977 urbium
1403 2901 1602 2979 libertatem

227 3008 490 3104 postulaturus.
560 3007 668 3076 Nune
699 3003 896 3076 delectatur
919 3002 1120 3100 Xenophon
1154 3001 1291 3076 bellicis
1325 3002 1435 3077 rebus
1469 3003 1614 3090 deseri-³
1653 3046 1666 3058 -

229 3105 358 3177 bendis
382 3106 559 3200 genioque
583 3128 649 3175 sno
676 3104 726 3176 ita
751 3102 933 3196 indulget,
982 3114 1024 3174 ut
1054 3104 1165 3198 magis
1196 3103 1451 3178 recordationis
1484 3105 1600 3177 suavi·

177 3262 182 3271 .
228 3218 324 3297 tate,
352 3230 458 3303 qnam
482 3203 660 3276 laetorum
685 3205 855 3296 gravitate
880 3206 1093 3276 commoveri
1117 3205 1290 3278 rideatur.
1341 3205 1460 3296 Quid?
1501 3205 1600 3304 quod

226 3307 433 3400 Agesilaum
466 3306 610 3400 nuptias
644 3305 740 3375 inter
763 3302 879 3400 Otpu,
932 3300 1195 3399 Paphlagoniae
1217 3304 1403 3401 regulum,
1454 3317 1491 3379 et
1516 3305 1598 3403 pnl-

227 3404 348 3477 chram
363 3404 603 3502 Spithridatae
625 3402 772 3476 liholam
797 3426 1011 3498 procurasse
1031 3404 1152 3476 multis
1173 3417 1307 3497 amat,
1333 3403 1432 3504 qnod
1455 3407 1600 3499 regione

227 3505 332 3599 ieris,
349 3504 537 3602 piscibus,
562 3503 690 3575 avibus
714 3502 937 3596 abundante,
962 3516 998 3576 et
1023 3503 1068 3576 ad
1095 3506 1314 3578 venationem
1338 3505 1496 3603 apprime
1520 3504 1597 3578 ido·

228 3631 295 3678 nea
329 3606 501 3697 laetatur,
537 3604 652 3702 quod
676 3603 834 3698 Agesilai
858 3629 997 3677 amores
1023 3602 1180 3680 celebrat
1204 3603 1258 3700 (d,
1287 3600 1322 3678 l.
1345 3606 1391 3678 ef.
1417 3601 1456 3699 5,
1483 3603 1523 3698 d,
1549 3603 1600 3678 25

226 3709 335 3804 sqq).
386 3705 479 3778 Sane
505 3706 647 3802 quidem
675 3716 771 3797 crat,
799 3731 863 3778 our
887 3703 1075 3779 Schlcsser
1095 3705 1170 3779 l.l.
1196 3705 1443 3802 contenderet,
1472 3707 1597 3781 exinde

98 3803 104 3813 ’
225 3808 401 3905 privatam
423 3805 580 3900 Agesilai
604 3805 787 3878 himerium
810 3805 974 3902 incipere.
1051 3805 1124 3880 Sed
1150 3805 1391 3905 prohdolor!
1430 3807 1596 3881 emediis
1632 3859 1640 3871 ,
1712 3822 1715 3827 '

226 3909 384 3982 victoriis
409 3932 490 3979 enm
516 3915 687 3980 revocant
711 3902 857 4003 ephori,
883 3904 1068 3980 Corinthio
1095 3904 1194 3981 bello
1219 3909 1346 4005 pressi.
1386 3951 1395 3960 ·

327 4006 446 4107 llnjus
470 4032 615 4101 musas,
650 4018 693 4080 nt
717 4006 891 4099 vidimus,
916 4005 1121 4104 Xenophon
1144 4032 1168 4080 a
1191 4005 1372 4081 Thebanis
1398 4007 1436 4080 in
1461 4033 1504 4082 eo
1528 4033 1594 4108 po·

226 4108 263 4179 ui
287 4107 390 4202 lacit,
439 4108 537 4207 quod
565 4107 837 4183 Lacedaemonii
860 4108 937 4181 dira
961 4109 1142 4184 Graeciam
1170 4108 1356 4210 tyrannide
1383 4109 1594 4210 opprimant

225 4310 529 4321 ---—--—--——-·—--

107 4448 113 4463 .
258 4406 287 4474 a)
321 4406 575 4547 {223332312
594 4407 682 4481 aga.
701 4415 779 4482 pm
794 4411 880 4479 oran
899 4428 954 4465 aa
974 4413 1094 4486 qnam
1110 4411 1221 4466 nm
1238 4386 1270 4482 a,
1287 4402 1313 4465 a
1331 4376 1456 4474 muta}
1476 4406 1507 4462 rr
1523 4377 1595 4482 ,ln

259 4574 291 4641 9)
324 4575 441 4655 Fallitur
456 4574 580 4628 Schneid.
597 4575 632 4628 ad
648 4576 672 4645 5.
689 4575 716 4629 e
733 4570 818 4647 eredis
832 4581 881 4643 τῆς
900 4581 949 4644 σῆς
966 4576 1055 4656 ἀρχῆς
1070 4597 1088 4633 a
1103 4579 1281 4650 Tissapherne
1298 4581 1401 4633 dietum
1420 4583 1531 4649 putans,
1561 4585 1591 4630 at

326 4640 408 4762 tec
417 4643 796 4764 initianda?
811 4646 936 4767 “i‘'{lii
947 4655 1090 4767 esest·
1102 4649 1320 4786 4111111.
1329 4646 1593 4770 mmm

324 4745 428 4847 qroqn’c
447 4793 490 4830 rea
506 4729 615 4848 probrl3
651 4729 800 4832 cerain
816 4733 897 4833 udde
915 4782 1052 4851 produ
1068 4782 1206 4838 turbata·
1222 4788 1276 4837 est·-
1399 4751 1409 4779 ’
1446 4732 1465 4785 q
1544 4732 1563 4782 Ρ
