4612 5790
1247 625 1504 704 ...42-

800 838 871 913 Sed
898 802 1083 908 sufficiant
1099 831 1187 905 haec
1204 831 1246 931 ι).
1315 834 1369 904 De
1395 834 1504 905 rebus
1530 832 1712 909 Thebanis
1738 839 1824 935 quid
1852 800 2004 912 sdnsnrit
2030 851 2067 912 et

699 954 919 1040 quantopere
945 960 1004 1006 eas
1033 936 1249 1030 corruperit,
1284 933 1322 1003 in
1350 934 1481 1028 vulgus
1509 947 1658 1008 constat.
1718 939 1923 1036 Xenophon
1942 938 2070 1013 eadem

699 1069 781 1116 oum
804 1020 971 1132 Agesilao
1001 1035 1141 1128 dilexit,
1186 1035 1307 1107 eadem
1333 1035 1467 1109 oderat.
1529 1038 1621 1127 Quid
1649 1040 1755 1132 igitur
1779 1042 1926 1132 mirum,
1970 1037 2074 1137 quod¹
2191 1059 2198 1073 ·

699 1140 881 1217 Thebanis
908 1138 1164 1227 inimicissimus
1191 1147 1312 1230 esset,
1343 1139 1405 1236 qui
1429 1138 1636 1231 Agesilaum
1662 1140 1792 1211 Aulide
1817 1141 2071 1211 sacrificantem
2195 1222 2198 1229 ¹

697 1241 991 1340 propulsassent,
1046 1239 1091 1310 ad
1117 1264 1252 1309 summa
1280 1263 1442 1339 quaeque
1469 1241 1506 1309 in
1531 1240 1618 1311 Asia
1643 1241 1880 1337 adspirantem
1904 1241 2072 1310 retraxis-

699 1354 780 1414 sent
805 1344 971 1438 omnique
1001 1337 1165 1410 laborum
1186 1341 1302 1435 pretio
1324 1339 1549 1434 privassent?
1579 1428 1581 1433 Ι
1618 1341 2072 1439 Pelopidamliberationis

699 1442 906 1516 Thebarum
931 1453 1112 1512 auctorem
1134 1441 1245 1511 fuisse
1274 1440 1365 1511 celat
1391 1437 1445 1537 (ὅ,
1471 1441 1510 1532 d,
1528 1439 1690 1540 Esqq),
1719 1443 1821 1515 cu'us
1849 1456 1957 1541 atque
1979 1443 2073 1537 Epo·

697 1544 883 1628 minondae
917 1566 1033 1612 raram
1067 1543 1209 1612 omnino
1241 1541 1457 1612 mentionem
1489 1541 1617 1638 injicit,
1665 1544 1723 1614 vel
1748 1472 1798 1614 ihi
1825 1542 1889 1614 ubi
1921 1566 2072 1639 prorsus

656 1642 661 1655 ’
698 1645 897 1716 necessaria
920 1642 1068 1732 fuerat,
1094 1643 1192 1711 sicut
1211 1637 1250 1730 6,
1276 1624 1379 1730 hii.
1417 1638 1457 1731 6,
1483 1639 1611 1733 5,’19.
1643 1640 1744 1735 6,.5,
1772 1640 1824 1712 25
1851 1668 1932 1739 sqq.
1969 1640 2007 1734 7,
2036 1638 2073 1733 1,

700 1741 750 1814 15
774 1769 857 1843 sqq.
935 1743 1047 1812 Erant
1081 1743 1171 1810 enim
1199 1737 1378 1832 Thebani,
1432 1746 1634 1828 δημαγωγοὶ
1661 1755 1700 1814 et·
1722 1742 1981 1839 Spartanorum
2008 1766 2073 1812 nee
2110 1757 2112 1760 ⁴
2244 1714 2254 1725 ·

698 1869 774 1916 non
796 1842 955 1937 Agesilai
980 1841 1101 1914 hostes
1129 1840 1297 1913 acerrimi.
1368 1840 1504 1929 Quodsi
1531 1854 1689 1915 extremo
1716 1846 1836 1940 operis
1864 1845 1978 1939 capite
2005 1840 2072 1939 (in-

699 1944 745 2016 de
769 1969 792 2014 a
817 1941 863 2036 7,
880 1940 919 2034 5,
945 1939 996 2029 9.)
1024 1940 1163 2012 laudem
1189 1941 1345 2036 aliquam
1369 1942 1635 2039 Epaminondae
1662 1942 1757 2016 haud
1783 1945 1952 2037 denegat,
2000 1942 2073 2014 lae·

699 2067 776 2115 sam
801 2055 912 2113 antea..
935 2041 1108 2138 justitiam
1140 2040 1401 2137 quodammodo
1429 2068 1657 2138 compensare
1689 2045 1847 2117 voluisse
1872 2045 2013 2115 videtur
2028 2039 2074 2133 ²).

700 2145 782 2235 Quo
808 2141 961 2233 accedit,
1011 2140 1128 2238 quod,
1177 2167 1288 2238 quum
1313 2166 1356 2213 eo
1383 2153 1564 2237 tempore,
1592 2199 1597 2209 .
1636 2171 1681 2214 uo
1706 2144 1793 2215 hacc
1819 2144 2073 2233 scriberentur,

690 2243 898 2340 ,Agesilaus
916 2243 1043 2339 procul
1069 2240 1179 2314 dubio
1201 2243 1278 2340 jam
1304 2256 1466 2315 mortuus
1495 2254 1589 2316 essct
1609 2171 1676 2341 101.
1703 2270 1813 2341 supra
1837 2245 1872 2342 g.
1897 2240 1972 2339 6.),
2000 2244 2075 2314 Xe·

698 2345 857 2444 nopbon-
873 2343 1040 2436 liberius,
1068 2369 1161 2440 quac
1186 2345 1352 2441 sentiret,
1378 2345 1549 2441 proloqui
1573 2344 1785 2417 sustinebat.
1838 2343 1908 2417 Vel
1934 2344 1986 2415 sie
2009 2343 2073 2435 igi-

689 2455 762 2519 tur
785 2469 1009 2542 summopere
1036 2443 1228 2516 dolendum
1254 2456 1329 2536 est,
1365 2444 1464 2542 quod
1490 2444 1705 2518 Plutarchca
1731 2443 1996 2542 Epaminondae
2022 2445 2074 2514 vi·

699 2556 737 2619 ta
769 2546 877 2646 periit
908 2546 980 2637 (ef.
999 2547 1140 2641 Heeren
1172 2546 1217 2616 do
1248 2547 1340 2616 font.
1365 2547 1463 2618 Plut.
1495 2571 1532 2644 pr
1557 2543 1622 2645 5.).
1699 2549 1866 2620 Ceterum
1897 2555 2073 2637 nonest,

701 2671 765 2718 our
795 2645 1073 2809 Xenophontem
1112 2655 1262 2738 propter
1303 2645 1480 2717 silentium
1513 2646 1605 2716 illud
1643 2647 1832 2720 »malitiae«
1875 2649 2076 2719 incusemus

701 2767 854 2840 eumque
886 2772 898 2804 a
930 2742 1079 2811 ominem
1110 2741 1223 2809 mulae
1253 2743 1403 2832 mentis,
1453 2744 1537 2812 mali
1571 2747 1697 2834 animi,
1750 2749 1854 2815 omni-
1877 2747 2076 2817 sinceritate

699 2845 897 2942 privatum·
929 2839 1170 2937 appellemus,
1205 2838 1304 2936 quod
1331 2864 1446 2935 nuper
1471 2840 1555 2911 secit
1580 2839 1673 2912 Rob.
1701 2843 1841 2940 Gompt'
1863 2843 2073 2941 (Sicyonios.

700 2968 796 3042 spec.
823 2940 858 3014 1.
884 2967 922 3038 p.
946 2936 1044 3037 42.)3
1071 2940 1116 3010 cf.
1143 2939 1235 3010 enim
1259 2964 1369 3035 supra
1395 2938 1431 3037 ἕ.
1451 2935 1486 3010 2.
1539 2942 1590 3013 At
1615 2939 1862 3012 subsistamus·
1879 2942 1948 3012 hoc
1974 2941 2070 3034 loco,

701 3069 812 3144 quum
839 3055 976 3134 cetera,
1017 3065 1109 3138 quae
1134 3041 1263 3113 afferre
1288 3063 1475 3136 possemus
1502 3040 1664 3137 exempla
1690 3052 1763 3112 tam
1789 3044 1868 3113 sint'
1886 3039 2001 3113 allatis
2027 3043 2074 3112 si·
2199 3071 2202 3078 ·

697 3145 795 3219 milia
821 3155 857 3215 et
884 3165 1059 3234 congrua,
1087 3151 1129 3211 ut
1155 3140 1250 3211 dicta
1275 3165 1470 3239 recoquere
1495 3152 1531 3213 et
1556 3154 1634 3215 acta
1663 3166 1767 3235 agere
1792 3166 2008 3238 cogeremur.

800 3243 930 3314 Paucis
963 3265 1076 3332 nuno,
1129 3263 1221 3335 quae
1258 3237 1325 3309 hae
1367 3241 1403 3310 di
1450 3243 1608 3313 utatione
1642 3240 1819 3337 probasse
1859 3242 2074 3336 studuimus,

701 3342 1049 3443 comprehendamus.
1107 3339 1272 3410 Vidimus
1304 3339 1396 3410 enim
1404 3265 1461 3436 ad)
1488 3338 1845 3414 Hellenieamultam
1870 3345 2074 3435 etruriam,

701 3470 905 3549 quanquam
931 3468 1006 3517 non
1037 3465 1178 3538 semper
1211 3441 1299 3512 satis
1319 3451 1524 3518 ¹accuratam
1550 3451 1586 3513 et
1618 3441 1848 3538 dispositam,
1902 3440 2078 3539 praebere

701 3546 958 3647 supellectilem
982 3540 1027 3614 ad
1062 3540 1245 3614 historiam
1275 3539 1429 3614 labentis
1457 3543 1624 3614 Graeciae
1655 3542 1920 3635 illustrandam,
1972 3568 2075 3642 prae·

701 3652 823 3723 sertim
847 3648 884 3718 in
910 3644 1032 3742 primis
1059 3640 1201 3719 duobus
1228 3638 1349 3733 libris,
1405 3641 1468 3741 qui
1494 3640 1714 3742 Thucydidis
1743 3644 1890 3740 vestigia
1916 3643 2073 3744 prodere

701 3751 902 3824 videantur·

800 3844 843 3950 ἢ)
869 3798 969 3918 hbud'
990 3842 1113 3945 paucis
1140 3841 1305 3916 distincta
1332 3867 1410 3917 esse
1438 3841 1658 3940 singularum
1688 3869 1810 3918 rerum
1835 3857 1872 3921 et
1894 3841 2075 3918 hominum

703 4048 1007 4073 W

736 4186 768 4255 1)
802 4184 843 4238 Gi.
863 4183 1022 4250 ronam,
1042 4177 1238 4253 Spartam,
1257 4197 1284 4250 p.
1302 4176 1321 4230 3
1340 4194 1398 4248 sqq.
1587 4226 1595 4246 ,

735 4288 768 4358 9)
801 4288 881 4340 Peter
896 4284 936 4352 (p.
956 4280 1015 4335 108
1031 4298 1072 4401 sq.
1096 4282 1131 4336 ci.
1148 4298 1175 4350 p.
1193 4278 1253 4363 97.)
1271 4280 1305 4333 da
1321 4279 1478 4362 parrdgqta
1495 4294 1584 4362 amaa
1602 4277 1646 4364 ,ab
1661 4279 1846 4365 Epaminonda
1861 4285 1997 4364 peragam
2014 4283 2072 4366 ιιι.

805 4354 854 4416 de,
891 4367 971 4421 qaam
989 4350 1023 4400 de
1065 4349 1219 4419 cropheum
1235 4348 1291 4399 nuo
1307 4354 1334 4399 et
1356 4353 1396 4398 aut
1455 4352 1509 4399 tata
1526 4347 1630 4416 ahquid
1647 4346 1753 4401 detrabr
1774 4350 1888 4411 mavult3
1926 4349 1994 4401 rllud
2011 4350 2073 4402 hera

803 4438 856 4475 aon
872 4433 965 4501 posse,
1000 4423 1058 4468 tota
1078 4417 1224 4485 antiquitas
1238 4416 1345 4467 clamat.
1421 4432 1451 4468 aa
1467 4415 1590 4484 cuiquam
1611 4415 1693 4467 facile
1709 4415 1882 4488 persuadebit
1932 4416 1999 4469 nihil
2018 4434 2073 4469 am·

802 4491 876 4560 plina
893 4487 999 4540 servisse
1018 4484 1216 4552 Xenophontem
1232 4483 1266 4534 de
1282 4482 1481 4564 Epulum,
1516 4482 1689 4535 celeberrimo
1706 4491 1734 4537 at
1750 4484 1864 4535 marino
1887 4451 1960 4537 iilius
1978 4486 2073 4537 aetatis

803 4558 871 4609 νίω.
920 4552 1003 4636 βαΐα
1026 4568 1141 4606 saumae
1164 4558 1211 4605 aut
1235 4551 1351 4605 meone
1374 4557 1421 4602 aut
1444 4551 1581 4604 caoeimia
1606 4551 1705 4604 cairam
1725 4559 1877 4604 auersetur
1898 4551 1967 4623 iude¹
1983 4567 2072 4603 aeram

804 4626 936 4694 scriptore
